<?xml version="1.0" encoding="UTF-8"?>
<!DOCTYPE html PUBLIC "-//W3C//DTD XHTML 1.0 Transitional//EN"
    "http://www.w3.org/TR/xhtml1/DTD/xhtml1-transitional.dtd">
<html xmlns="http://www.w3.org/1999/xhtml" xml:lang="en" lang="en">
 <head>
  <title>
</title>
<meta http-equiv="Content-Type" content="text/html;charset=utf-8" />
  <meta name='ocr-system' content='tesseract 3.04.00' />
  <meta name='ocr-capabilities' content='ocr_page ocr_carea ocr_par ocr_line ocrx_word'/>
</head>
<body>
  <div class='ocr_page' id='page_1' title='image "./sententiarumaliq00haec_0009.png"; bbox 0 0 2696 3450; ppageno 0'>
   <div class='ocr_carea' id='block_1_1' title="bbox 1299 129 1353 171">
    <p class='ocr_par' dir='ltr' id='par_1_1' title="bbox 1299 129 1353 171">
     <span class='ocr_line' id='line_1_1' title="bbox 1299 129 1353 171; baseline 0 0"><span class='ocrx_word' id='word_1_1' title='bbox 1299 145 1302 147; x_wconf 59' lang='grc'><strong>’</strong></span> <span class='ocrx_word' id='word_1_2' title='bbox 1319 129 1353 171; x_wconf 76' lang='lat'>5</span> 
     </span>
    </p>
   </div>
   <div class='ocr_carea' id='block_1_2' title="bbox 1134 181 1539 188">
    <p class='ocr_par' dir='ltr' id='par_1_2' title="bbox 1134 181 1539 188">
     <span class='ocr_line' id='line_1_2' title="bbox 1134 181 1539 188; baseline -0.005 0"><span class='ocrx_word' id='word_1_3' title='bbox 1134 181 1291 188; x_wconf 39' lang='grc' dir='ltr'><strong>μ’-</strong></span> <span class='ocrx_word' id='word_1_4' title='bbox 1296 182 1539 187; x_wconf 60' lang='grc'><strong>,-..--.,-.</strong></span> 
     </span>
    </p>
   </div>
   <div class='ocr_carea' id='block_1_3' title="bbox 737 209 1937 369">
    <p class='ocr_par' dir='ltr' id='par_1_3' title="bbox 737 209 1937 369">
     <span class='ocr_line' id='line_1_3' title="bbox 1140 209 1161 236; baseline 0 0"><span class='ocrx_word' id='word_1_5' title='bbox 1140 209 1161 236; x_wconf 56' lang='lat' dir='ltr'><strong>x</strong></span> 
     </span>
     <span class='ocr_line' id='line_1_4' title="bbox 737 299 1937 369; baseline -0.005 -14"><span class='ocrx_word' id='word_1_6' title='bbox 737 321 778 355; x_wconf 68' lang='lat'><strong>2.</strong></span> <span class='ocrx_word' id='word_1_7' title='bbox 817 303 1045 369; x_wconf 59' lang='lat' dir='ltr'><strong>Rubinorits·</strong></span> <span class='ocrx_word' id='word_1_8' title='bbox 1067 309 1270 350; x_wconf 63' lang='lat' dir='ltr'><strong>sententia</strong></span> <span class='ocrx_word' id='word_1_9' title='bbox 1296 299 1564 350; x_wconf 50' lang='lat' dir='ltr'><strong>acuminatur</strong></span> <span class='ocrx_word' id='word_1_10' title='bbox 1588 322 1638 348; x_wconf 82' lang='lat' dir='ltr'><strong>ac</strong></span> <span class='ocrx_word' id='word_1_11' title='bbox 1664 307 1937 358; x_wconf 63' lang='lat' dir='ltr'><strong>dtjl’udz‘catur.</strong></span> 
     </span>
    </p>
   </div>
   <div class='ocr_carea' id='block_1_4' title="bbox 228 439 2436 1276">
    <p class='ocr_par' dir='ltr' id='par_1_4' title="bbox 228 439 2436 1276">
     <span class='ocr_line' id='line_1_5' title="bbox 419 439 2421 496; baseline 0.001 -12"><span class='ocrx_word' id='word_1_12' title='bbox 419 478 423 484; x_wconf 88' lang='grc'><strong>,</strong></span> <span class='ocrx_word' id='word_1_13' title='bbox 456 441 561 485; x_wconf 82' lang='lat' dir='ltr'><strong>Jam</strong></span> <span class='ocrx_word' id='word_1_14' title='bbox 597 440 653 484; x_wconf 86' lang='lat' dir='ltr'><strong>ad</strong></span> <span class='ocrx_word' id='word_1_15' title='bbox 691 442 931 485; x_wconf 82' lang='lat' dir='ltr'><strong>sententiae</strong></span> <span class='ocrx_word' id='word_1_16' title='bbox 971 456 997 483; x_wconf 80' lang='lat' dir='ltr'><strong>a</strong></span> <span class='ocrx_word' id='word_1_17' title='bbox 1032 439 1264 484; x_wconf 75' lang='lat' dir='ltr'><strong>Rubinone</strong></span> <span class='ocrx_word' id='word_1_18' title='bbox 1304 439 1556 496; x_wconf 81' lang='lat' dir='ltr'><strong>propositae</strong></span> <span class='ocrx_word' id='word_1_19' title='bbox 1593 452 1776 479; x_wconf 83' lang='lat' dir='ltr'><strong>examen</strong></span> <span class='ocrx_word' id='word_1_20' title='bbox 1811 451 1882 480; x_wconf 89' lang='lat' dir='ltr'><strong>me</strong></span> <span class='ocrx_word' id='word_1_21' title='bbox 1919 442 2136 492; x_wconf 71' lang='lat' dir='ltr'><strong>converto.</strong></span> <span class='ocrx_word' id='word_1_22' title='bbox 2196 441 2421 487; x_wconf 82' lang='lat' dir='ltr'><strong>Persuasit</strong></span> 
     </span>
     <span class='ocr_line' id='line_1_6' title="bbox 228 515 2420 576; baseline -0 -12"><span class='ocrx_word' id='word_1_23' title='bbox 228 528 233 533; x_wconf 83' lang='lat'><strong><em>&#39;</em></strong></span> <span class='ocrx_word' id='word_1_24' title='bbox 257 526 401 564; x_wconf 77' lang='lat' dir='ltr'><strong>autem</strong></span> <span class='ocrx_word' id='word_1_25' title='bbox 430 521 505 563; x_wconf 89' lang='lat' dir='ltr'><strong>ille</strong></span> <span class='ocrx_word' id='word_1_26' title='bbox 534 527 577 562; x_wconf 90' lang='lat' dir='ltr'><strong>et</strong></span> <span class='ocrx_word' id='word_1_27' title='bbox 607 520 880 576; x_wconf 65' lang='lat' dir='ltr'><strong>sibiipsiffet</strong></span> <span class='ocrx_word' id='word_1_28' title='bbox 909 519 1014 560; x_wconf 85' lang='lat' dir='ltr'><strong>aliis.</strong></span> <span class='ocrx_word' id='word_1_29' title='bbox 1037 517 1304 576; x_wconf 81' lang='lat' dir='ltr'><strong>persuadere</strong></span> <span class='ocrx_word' id='word_1_30' title='bbox 1334 523 1515 558; x_wconf 88' lang='lat' dir='ltr'><strong>conatur</strong></span> <span class='ocrx_word' id='word_1_31' title='bbox 1543 515 1807 558; x_wconf 80' lang='lat' dir='ltr'><strong>vocabulum</strong></span> <span class='ocrx_word' id='word_1_32' title='bbox 1836 518 2190 574; x_wconf 84' lang='lat' dir='ltr'><strong>„municipium“</strong></span> <span class='ocrx_word' id='word_1_33' title='bbox 2219 519 2320 563; x_wconf 86' lang='lat' dir='ltr'><strong>inde</strong></span> <span class='ocrx_word' id='word_1_34' title='bbox 2345 536 2420 563; x_wconf 87' lang='lat' dir='ltr'><strong>an—</strong></span> 
     </span>
     <span class='ocr_line' id='line_1_7' title="bbox 257 593 2421 654; baseline -0 -15"><span class='ocrx_word' id='word_1_35' title='bbox 257 599 439 654; x_wconf 83' lang='lat' dir='ltr'><strong>tiquitus</strong></span> <span class='ocrx_word' id='word_1_36' title='bbox 465 598 526 654; x_wconf 81' lang='lat' dir='ltr'><strong>ad</strong></span> <span class='ocrx_word' id='word_1_37' title='bbox 555 597 890 654; x_wconf 84' lang='lat' dir='ltr'><strong>municipiorum</strong></span> <span class='ocrx_word' id='word_1_38' title='bbox 919 597 1146 638; x_wconf 74' lang='lat' dir='ltr'><strong>interitum.v</strong></span> <span class='ocrx_word' id='word_1_39' title='bbox 1169 609 1299 637; x_wconf 86' lang='lat' dir='ltr'><strong>unam</strong></span> <span class='ocrx_word' id='word_1_40' title='bbox 1329 593 1539 635; x_wconf 85' lang='lat' dir='ltr'><strong>habuisse</strong></span> <span class='ocrx_word' id='word_1_41' title='bbox 1566 593 1657 635; x_wconf 82' lang='lat' dir='ltr'><strong>vim</strong></span> <span class='ocrx_word' id='word_1_42' title='bbox 1686 599 1728 635; x_wconf 90' lang='lat' dir='ltr'><strong>et</strong></span> <span class='ocrx_word' id='word_1_43' title='bbox 1757 595 1975 637; x_wconf 86' lang='lat' dir='ltr'><strong>notionem</strong></span> <span class='ocrx_word' id='word_1_44' title='bbox 2003 610 2263 652; x_wconf 81' lang='lat' dir='ltr'><strong>semperque</strong></span> <span class='ocrx_word' id='word_1_45' title='bbox 2285 598 2421 652; x_wconf 86' lang='lat' dir='ltr'><strong>signi—</strong></span> 
     </span>
     <span class='ocr_line' id='line_1_8' title="bbox 257 658 2436 732; baseline -0.001 -14"><span class='ocrx_word' id='word_1_46' title='bbox 257 678 413 718; x_wconf 79' lang='lat' dir='ltr'><strong>ficasse</strong></span> <span class='ocrx_word' id='word_1_47' title='bbox 442 691 582 732; x_wconf 88' lang='lat' dir='ltr'><strong>genus</strong></span> <span class='ocrx_word' id='word_1_48' title='bbox 606 676 844 726; x_wconf 86' lang='lat' dir='ltr'><strong>hominum,</strong></span> <span class='ocrx_word' id='word_1_49' title='bbox 868 675 962 730; x_wconf 70' lang='lat' dir='ltr'><strong>-quir</strong></span> <span class='ocrx_word' id='word_1_50' title='bbox 985 658 1041 715; x_wconf 24' lang='lat' dir='ltr'><strong>rix}</strong></span> <span class='ocrx_word' id='word_1_51' title='bbox 1078 674 1166 715; x_wconf 81' lang='lat' dir='ltr'><strong>alia</strong></span> <span class='ocrx_word' id='word_1_52' title='bbox 1197 673 1373 715; x_wconf 81' lang='lat' dir='ltr'><strong>civitate</strong></span> <span class='ocrx_word' id='word_1_53' title='bbox 1404 672 1523 713; x_wconf 87' lang='lat' dir='ltr'><strong>cives</strong></span> <span class='ocrx_word' id='word_1_54' title='bbox 1553 678 1712 723; x_wconf 88' lang='lat' dir='ltr'><strong>essent,</strong></span> <span class='ocrx_word' id='word_1_55' title='bbox 1729 673 1789 714; x_wconf 76' lang='lat' dir='ltr'><strong>in</strong></span> <span class='ocrx_word' id='word_1_56' title='bbox 1822 673 1909 715; x_wconf 86' lang='lat' dir='ltr'><strong>alia</strong></span> <span class='ocrx_word' id='word_1_57' title='bbox 1937 688 2024 715; x_wconf 91' lang='lat' dir='ltr'><strong>non</strong></span> <span class='ocrx_word' id='word_1_58' title='bbox 2053 675 2189 725; x_wconf 80' lang='lat' dir='ltr'><strong>cives,</strong></span> <span class='ocrx_word' id='word_1_59' title='bbox 2220 674 2298 716; x_wconf 85' lang='lat' dir='ltr'><strong>sed</strong></span> <span class='ocrx_word' id='word_1_60' title='bbox 2327 689 2436 716; x_wconf 49' lang='lat' dir='ltr'><strong>muav</strong></span> 
     </span>
     <span class='ocr_line' id='line_1_9' title="bbox 258 750 2424 810; baseline -0.002 -13"><span class='ocrx_word' id='word_1_61' title='bbox 258 754 427 810; x_wconf 82' lang='lat' dir='ltr'><strong>nicipes</strong></span> <span class='ocrx_word' id='word_1_62' title='bbox 470 760 633 796; x_wconf 85' lang='lat' dir='ltr'><strong>tantum</strong></span> <span class='ocrx_word' id='word_1_63' title='bbox 677 754 705 794; x_wconf 92' lang='lat' dir='ltr'><strong>i.</strong></span> <span class='ocrx_word' id='word_1_64' title='bbox 736 768 773 794; x_wconf 91' lang='lat' dir='ltr'><strong>e.</strong></span> <span class='ocrx_word' id='word_1_65' title='bbox 817 766 1044 794; x_wconf 83' lang='lat' dir='ltr'><strong>munerum</strong></span> <span class='ocrx_word' id='word_1_66' title='bbox 1087 758 1131 793; x_wconf 88' lang='lat' dir='ltr'><strong>et</strong></span> <span class='ocrx_word' id='word_1_67' title='bbox 1173 751 1416 793; x_wconf 84' lang='lat' dir='ltr'><strong>officiorum</strong></span> <span class='ocrx_word' id='word_1_68' title='bbox 1459 750 1711 806; x_wconf 79' lang='lat' dir='ltr'><strong>participes,</strong></span> <span class='ocrx_word' id='word_1_69' title='bbox 1755 751 1976 793; x_wconf 89' lang='lat' dir='ltr'><strong>enimvero</strong></span> <span class='ocrx_word' id='word_1_70' title='bbox 2021 765 2156 807; x_wconf 90' lang='lat' dir='ltr'><strong>quum</strong></span> <span class='ocrx_word' id='word_1_71' title='bbox 2200 752 2295 792; x_wconf 86' lang='lat' dir='ltr'><strong>fieri</strong></span> <span class='ocrx_word' id='word_1_72' title='bbox 2337 765 2424 793; x_wconf 90' lang='lat' dir='ltr'><strong>non</strong></span> 
     </span>
     <span class='ocr_line' id='line_1_10' title="bbox 266 827 2426 887; baseline -0.001 -14"><span class='ocrx_word' id='word_1_73' title='bbox 266 831 468 887; x_wconf 82' lang='lat' dir='ltr'><strong>potuerit,</strong></span> <span class='ocrx_word' id='word_1_74' title='bbox 497 837 545 873; x_wconf 91' lang='lat' dir='ltr'><strong>ut</strong></span> <span class='ocrx_word' id='word_1_75' title='bbox 576 832 686 873; x_wconf 86' lang='lat' dir='ltr'><strong>civis</strong></span> <span class='ocrx_word' id='word_1_76' title='bbox 716 829 953 881; x_wconf 80' lang='lat' dir='ltr'><strong>Romanus,</strong></span> <span class='ocrx_word' id='word_1_77' title='bbox 984 828 1102 885; x_wconf 91' lang='lat' dir='ltr'><strong>quod</strong></span> <span class='ocrx_word' id='word_1_78' title='bbox 1131 829 1176 870; x_wconf 90' lang='lat' dir='ltr'><strong>in</strong></span> <span class='ocrx_word' id='word_1_79' title='bbox 1207 828 1305 870; x_wconf 89' lang='lat' dir='ltr'><strong>aliis</strong></span> <span class='ocrx_word' id='word_1_80' title='bbox 1335 827 1511 884; x_wconf 88' lang='lat' dir='ltr'><strong>populis</strong></span> <span class='ocrx_word' id='word_1_81' title='bbox 1549 828 1867 883; x_wconf 87' lang='lat' dir='ltr'><strong>quodammodo</strong></span> <span class='ocrx_word' id='word_1_82' title='bbox 1903 828 2082 870; x_wconf 79' lang='lat' dir='ltr'><strong>licuisse</strong></span> <span class='ocrx_word' id='word_1_83' title='bbox 2111 831 2287 880; x_wconf 87' lang='lat' dir='ltr'><strong>scimus,</strong></span> <span class='ocrx_word' id='word_1_84' title='bbox 2319 828 2426 871; x_wconf 87' lang='lat' dir='ltr'><strong>dua-</strong></span> 
     </span>
     <span class='ocr_line' id='line_1_11' title="bbox 259 891 2423 964; baseline -0.001 -15"><span class='ocrx_word' id='word_1_85' title='bbox 259 921 356 949; x_wconf 82' lang='lat' dir='ltr'><strong>rum</strong></span> <span class='ocrx_word' id='word_1_86' title='bbox 391 891 614 950; x_wconf 75' lang='lat' dir='ltr'><strong>civitatum</strong></span> <span class='ocrx_word' id='word_1_87' title='bbox 648 924 736 950; x_wconf 87' lang='lat' dir='ltr'><strong>una</strong></span> <span class='ocrx_word' id='word_1_88' title='bbox 772 916 814 950; x_wconf 91' lang='lat' dir='ltr'><strong>et</strong></span> <span class='ocrx_word' id='word_1_89' title='bbox 849 907 1134 950; x_wconf 86' lang='lat' dir='ltr'><strong>communiter</strong></span> <span class='ocrx_word' id='word_1_90' title='bbox 1173 907 1283 949; x_wconf 87' lang='lat' dir='ltr'><strong>civis</strong></span> <span class='ocrx_word' id='word_1_91' title='bbox 1323 912 1460 960; x_wconf 82' lang='lat' dir='ltr'><strong>esset,</strong></span> <span class='ocrx_word' id='word_1_92' title='bbox 1489 908 1563 961; x_wconf 83' lang='lat' dir='ltr'><strong>jus</strong></span> <span class='ocrx_word' id='word_1_93' title='bbox 1601 907 1790 948; x_wconf 89' lang='lat' dir='ltr'><strong>civitatis</strong></span> <span class='ocrx_word' id='word_1_94' title='bbox 1829 922 1855 949; x_wconf 87' lang='lat' dir='ltr'><strong>a</strong></span> <span class='ocrx_word' id='word_1_95' title='bbox 1890 908 2119 964; x_wconf 84' lang='lat' dir='ltr'><strong>municipii</strong></span> <span class='ocrx_word' id='word_1_96' title='bbox 2149 909 2251 962; x_wconf 85' lang='lat' dir='ltr'><strong>jure</strong></span> <span class='ocrx_word' id='word_1_97' title='bbox 2290 907 2423 961; x_wconf 87' lang='lat' dir='ltr'><strong>longe</strong></span> 
     </span>
     <span class='ocr_line' id='line_1_12' title="bbox 260 983 2426 1041; baseline -0.001 -13"><span class='ocrx_word' id='word_1_98' title='bbox 260 984 606 1028; x_wconf 80' lang='lat' dir='ltr'><strong>diversissimum</strong></span> <span class='ocrx_word' id='word_1_99' title='bbox 641 1001 760 1036; x_wconf 88' lang='lat' dir='ltr'><strong>esse,</strong></span> <span class='ocrx_word' id='word_1_100' title='bbox 797 1000 940 1040; x_wconf 88' lang='lat' dir='ltr'><strong>neque</strong></span> <span class='ocrx_word' id='word_1_101' title='bbox 976 998 1184 1040; x_wconf 84' lang='lat' dir='ltr'><strong>umquam</strong></span> <span class='ocrx_word' id='word_1_102' title='bbox 1223 984 1412 1026; x_wconf 81' lang='lat' dir='ltr'><strong>civitatis</strong></span> <span class='ocrx_word' id='word_1_103' title='bbox 1454 983 1639 1038; x_wconf 88' lang='lat' dir='ltr'><strong>alicujus</strong></span> <span class='ocrx_word' id='word_1_104' title='bbox 1678 984 1821 1025; x_wconf 89' lang='lat' dir='ltr'><strong>civem</strong></span> <span class='ocrx_word' id='word_1_105' title='bbox 1856 985 2058 1027; x_wconf 85' lang='lat' dir='ltr'><strong>cumdem</strong></span> <span class='ocrx_word' id='word_1_106' title='bbox 2088 992 2132 1028; x_wconf 89' lang='lat' dir='ltr'><strong>et</strong></span> <span class='ocrx_word' id='word_1_107' title='bbox 2159 985 2426 1041; x_wconf 87' lang='lat' dir='ltr'><strong>municipem</strong></span> 
     </span>
     <span class='ocr_line' id='line_1_13' title="bbox 261 1061 2425 1120; baseline 0.001 -16"><span class='ocrx_word' id='word_1_108' title='bbox 261 1070 336 1106; x_wconf 67' lang='lat' dir='ltr'><strong>aut</strong></span> <span class='ocrx_word' id='word_1_109' title='bbox 364 1065 630 1120; x_wconf 87' lang='lat' dir='ltr'><strong>municipem</strong></span> <span class='ocrx_word' id='word_1_110' title='bbox 658 1069 789 1118; x_wconf 82' lang='lat' dir='ltr'><strong>atque</strong></span> <span class='ocrx_word' id='word_1_111' title='bbox 819 1064 960 1106; x_wconf 85' lang='lat' dir='ltr'><strong>civem</strong></span> <span class='ocrx_word' id='word_1_112' title='bbox 987 1077 1076 1104; x_wconf 88' lang='lat' dir='ltr'><strong>una</strong></span> <span class='ocrx_word' id='word_1_113' title='bbox 1106 1062 1321 1118; x_wconf 85' lang='lat' dir='ltr'><strong>appellari</strong></span> <span class='ocrx_word' id='word_1_114' title='bbox 1350 1062 1577 1117; x_wconf 88' lang='lat' dir='ltr'><strong>potuisse.-</strong></span> <span class='ocrx_word' id='word_1_115' title='bbox 1619 1061 1754 1113; x_wconf 83' lang='lat' dir='ltr'><strong>Quod</strong></span> <span class='ocrx_word' id='word_1_116' title='bbox 1784 1077 1918 1118; x_wconf 89' lang='lat' dir='ltr'><strong>quum</strong></span> <span class='ocrx_word' id='word_1_117' title='bbox 1955 1065 2016 1106; x_wconf 87' lang='lat' dir='ltr'><strong>ita</strong></span> <span class='ocrx_word' id='word_1_118' title='bbox 2046 1066 2114 1116; x_wconf 89' lang='lat' dir='ltr'><strong>sit,</strong></span> <span class='ocrx_word' id='word_1_119' title='bbox 2145 1064 2309 1120; x_wconf 86' lang='lat' dir='ltr'><strong>duplex</strong></span> <span class='ocrx_word' id='word_1_120' title='bbox 2339 1070 2425 1106; x_wconf 83' lang='lat' dir='ltr'><strong>sta·-</strong></span> 
     </span>
     <span class='ocr_line' id='line_1_14' title="bbox 261 1137 2426 1198; baseline 0.001 -17"><span class='ocrx_word' id='word_1_121' title='bbox 261 1141 343 1182; x_wconf 82' lang='lat' dir='ltr'><strong>tuit</strong></span> <span class='ocrx_word' id='word_1_122' title='bbox 371 1142 706 1198; x_wconf 86' lang='lat' dir='ltr'><strong>municipiorum</strong></span> <span class='ocrx_word' id='word_1_123' title='bbox 735 1157 897 1197; x_wconf 88' lang='lat' dir='ltr'><strong>genus:</strong></span> <span class='ocrx_word' id='word_1_124' title='bbox 923 1141 1111 1183; x_wconf 31' lang='lat' dir='ltr'><strong>*alterum</strong></span> <span class='ocrx_word' id='word_1_125' title='bbox 1142 1140 1378 1189; x_wconf 87' lang='lat' dir='ltr'><strong>hominum,</strong></span> <span class='ocrx_word' id='word_1_126' title='bbox 1410 1139 1485 1194; x_wconf 90' lang='lat' dir='ltr'><strong>qui</strong></span> <span class='ocrx_word' id='word_1_127' title='bbox 1508 1137 1675 1182; x_wconf 83' lang='lat' dir='ltr'><strong>Romae</strong></span> <span class='ocrx_word' id='word_1_128' title='bbox 1707 1141 1841 1192; x_wconf 89' lang='lat' dir='ltr'><strong>cives,</strong></span> <span class='ocrx_word' id='word_1_129' title='bbox 1871 1141 1917 1182; x_wconf 90' lang='lat' dir='ltr'><strong>in</strong></span> <span class='ocrx_word' id='word_1_130' title='bbox 1946 1141 2034 1183; x_wconf 86' lang='lat' dir='ltr'><strong>alia</strong></span> <span class='ocrx_word' id='word_1_131' title='bbox 2052 1142 2162 1184; x_wconf 91' lang='lat' dir='ltr'><strong>urbe</strong></span> <span class='ocrx_word' id='word_1_132' title='bbox 2183 1143 2426 1198; x_wconf 86' lang='lat' dir='ltr'><strong>municipes</strong></span> 
     </span>
     <span class='ocr_line' id='line_1_15' title="bbox 260 1216 2428 1276; baseline 0 -16"><span class='ocrx_word' id='word_1_133' title='bbox 260 1218 434 1269; x_wconf 83' lang='lat' dir='ltr'><strong>fuerint,</strong></span> <span class='ocrx_word' id='word_1_134' title='bbox 466 1220 648 1261; x_wconf 85' lang='lat' dir='ltr'><strong>alterum</strong></span> <span class='ocrx_word' id='word_1_135' title='bbox 677 1221 864 1262; x_wconf 84' lang='lat' dir='ltr'><strong>maxime</strong></span> <span class='ocrx_word' id='word_1_136' title='bbox 892 1220 1238 1276; x_wconf 86' lang='lat' dir='ltr'><strong>peregrinorum,</strong></span> <span class='ocrx_word' id='word_1_137' title='bbox 1269 1218 1346 1273; x_wconf 87' lang='lat' dir='ltr'><strong>qui</strong></span> <span class='ocrx_word' id='word_1_138' title='bbox 1374 1216 1541 1259; x_wconf 85' lang='lat' dir='ltr'><strong>Romae</strong></span> <span class='ocrx_word' id='word_1_139' title='bbox 1571 1218 1800 1274; x_wconf 87' lang='lat' dir='ltr'><strong>municipii</strong></span> <span class='ocrx_word' id='word_1_140' title='bbox 1822 1219 1922 1273; x_wconf 89' lang='lat' dir='ltr'><strong>jure</strong></span> <span class='ocrx_word' id='word_1_141' title='bbox 1951 1221 2022 1261; x_wconf 85' lang='lat' dir='ltr'><strong>usi</strong></span> <span class='ocrx_word' id='word_1_142' title='bbox 2053 1221 2172 1262; x_wconf 87' lang='lat' dir='ltr'><strong>cives</strong></span> <span class='ocrx_word' id='word_1_143' title='bbox 2192 1220 2353 1261; x_wconf 84' lang='lat' dir='ltr'><strong>fuerint</strong></span> <span class='ocrx_word' id='word_1_144' title='bbox 2382 1220 2428 1260; x_wconf 87' lang='lat' dir='ltr'><strong>in</strong></span> 
     </span>
    </p>
   </div>
   <div class='ocr_carea' id='block_1_5' title="bbox 263 1294 2428 1432">
    <p class='ocr_par' dir='ltr' id='par_1_5' title="bbox 263 1294 2428 1432">
     <span class='ocr_line' id='line_1_16' title="bbox 263 1294 2428 1355; baseline 0 -17"><span class='ocrx_word' id='word_1_145' title='bbox 263 1297 350 1339; x_wconf 84' lang='lat' dir='ltr'><strong>alia</strong></span> <span class='ocrx_word' id='word_1_146' title='bbox 378 1298 504 1347; x_wconf 81' lang='lat' dir='ltr'><strong>urbe3</strong></span> <span class='ocrx_word' id='word_1_147' title='bbox 536 1298 685 1340; x_wconf 88' lang='lat' dir='ltr'><strong>confer</strong></span> <span class='ocrx_word' id='word_1_148' title='bbox 713 1313 826 1353; x_wconf 89' lang='lat' dir='ltr'><strong>quae</strong></span> <span class='ocrx_word' id='word_1_149' title='bbox 855 1297 1030 1341; x_wconf 85' lang='lat' dir='ltr'><strong>Rubino</strong></span> <span class='ocrx_word' id='word_1_150' title='bbox 1061 1297 1115 1338; x_wconf 87' lang='lat' dir='ltr'><strong>de</strong></span> <span class='ocrx_word' id='word_1_151' title='bbox 1146 1296 1229 1355; x_wconf 74' lang='lat' dir='ltr'><strong>hac</strong></span> <span class='ocrx_word' id='word_1_152' title='bbox 1258 1310 1305 1337; x_wconf 87' lang='lat' dir='ltr'><strong>re</strong></span> <span class='ocrx_word' id='word_1_153' title='bbox 1336 1294 1579 1352; x_wconf 81' lang='lat' dir='ltr'><strong>disputavit</strong></span> <span class='ocrx_word' id='word_1_154' title='bbox 1609 1302 1690 1338; x_wconf 88' lang='lat' dir='ltr'><strong>act.</strong></span> <span class='ocrx_word' id='word_1_155' title='bbox 1721 1295 1873 1352; x_wconf 88' lang='lat' dir='ltr'><strong>philol.</strong></span> <span class='ocrx_word' id='word_1_156' title='bbox 1906 1299 2028 1349; x_wconf 83' lang='lat'><strong>1844,</strong></span> <span class='ocrx_word' id='word_1_157' title='bbox 2059 1312 2101 1353; x_wconf 89' lang='lat' dir='ltr'><strong>p.</strong></span> <span class='ocrx_word' id='word_1_158' title='bbox 2132 1299 2357 1340; x_wconf 83' lang='lat'>868-870</span> <span class='ocrx_word' id='word_1_159' title='bbox 2386 1304 2428 1339; x_wconf 86' lang='lat' dir='ltr'><strong>et</strong></span> 
     </span>
     <span class='ocr_line' id='line_1_17' title="bbox 266 1375 822 1432; baseline 0.007 -17"><span class='ocrx_word' id='word_1_160' title='bbox 266 1375 388 1426; x_wconf 81' lang='lat'><strong>1847,</strong></span> <span class='ocrx_word' id='word_1_161' title='bbox 418 1389 520 1432; x_wconf 86' lang='lat' dir='ltr'><strong>pag.</strong></span> <span class='ocrx_word' id='word_1_162' title='bbox 551 1378 787 1418; x_wconf 79' lang='lat'><strong>794—798.</strong></span> <span class='ocrx_word' id='word_1_163' title='bbox 816 1416 822 1420; x_wconf 84' lang='grc'><strong>,</strong></span> 
     </span>
    </p>
   </div>
   <div class='ocr_carea' id='block_1_6' title="bbox 264 1452 2438 3221">
    <p class='ocr_par' dir='ltr' id='par_1_6' title="bbox 264 1452 2438 3221">
     <span class='ocr_line' id='line_1_18' title="bbox 464 1452 2426 1516; baseline 0.002 -21"><span class='ocrx_word' id='word_1_164' title='bbox 464 1452 690 1496; x_wconf 84' lang='lat' dir='ltr'><strong>Debemus</strong></span> <span class='ocrx_word' id='word_1_165' title='bbox 721 1461 864 1497; x_wconf 85' lang='lat' dir='ltr'><strong>autem</strong></span> <span class='ocrx_word' id='word_1_166' title='bbox 895 1455 940 1496; x_wconf 88' lang='lat' dir='ltr'><strong>in</strong></span> <span class='ocrx_word' id='word_1_167' title='bbox 969 1453 1052 1498; x_wconf 85' lang='lat' dir='ltr'><strong>hac</strong></span> <span class='ocrx_word' id='word_1_168' title='bbox 1083 1470 1267 1499; x_wconf 76' lang='lat' dir='ltr'><strong>censura</strong></span> <span class='ocrx_word' id='word_1_169' title='bbox 1298 1455 1353 1498; x_wconf 87' lang='lat' dir='ltr'><strong>ab</strong></span> <span class='ocrx_word' id='word_1_170' title='bbox 1386 1454 1538 1500; x_wconf 85' lang='lat' dir='ltr'><strong>codem</strong></span> <span class='ocrx_word' id='word_1_171' title='bbox 1561 1455 1780 1514; x_wconf 87' lang='lat' dir='ltr'><strong>principio</strong></span> <span class='ocrx_word' id='word_1_172' title='bbox 1801 1459 2036 1514; x_wconf 87' lang='lat' dir='ltr'><strong>proficisci,</strong></span> <span class='ocrx_word' id='word_1_173' title='bbox 2065 1458 2182 1501; x_wconf 88' lang='lat' dir='ltr'><strong>unde</strong></span> <span class='ocrx_word' id='word_1_174' title='bbox 2203 1458 2426 1516; x_wconf 87' lang='lat' dir='ltr'><strong>profectus</strong></span> 
     </span>
     <span class='ocr_line' id='line_1_19' title="bbox 265 1530 2429 1591; baseline 0.001 -19"><span class='ocrx_word' id='word_1_175' title='bbox 265 1537 330 1572; x_wconf 87' lang='lat' dir='ltr'><strong>est</strong></span> <span class='ocrx_word' id='word_1_176' title='bbox 358 1530 545 1574; x_wconf 87' lang='lat' dir='ltr'><strong>Rubino.</strong></span> <span class='ocrx_word' id='word_1_177' title='bbox 604 1532 714 1575; x_wconf 81' lang='lat' dir='ltr'><strong>Jurc</strong></span> <span class='ocrx_word' id='word_1_178' title='bbox 746 1548 824 1575; x_wconf 92' lang='lat' dir='ltr'><strong>suo</strong></span> <span class='ocrx_word' id='word_1_179' title='bbox 855 1534 915 1575; x_wconf 89' lang='lat' dir='ltr'><strong>ait</strong></span> <span class='ocrx_word' id='word_1_180' title='bbox 940 1533 982 1587; x_wconf 25' lang='lat' dir='ltr'><strong>*is</strong></span> <span class='ocrx_word' id='word_1_181' title='bbox 1013 1534 1041 1575; x_wconf 89' lang='lat' dir='ltr'><strong>l.</strong></span> <span class='ocrx_word' id='word_1_182' title='bbox 1072 1533 1100 1575; x_wconf 94' lang='lat' dir='ltr'><strong>l.</strong></span> <span class='ocrx_word' id='word_1_183' title='bbox 1133 1536 1256 1586; x_wconf 84' lang='lat'><strong>1844,</strong></span> <span class='ocrx_word' id='word_1_184' title='bbox 1287 1550 1330 1591; x_wconf 89' lang='lat' dir='ltr'><strong>p.</strong></span> <span class='ocrx_word' id='word_1_185' title='bbox 1362 1536 1445 1577; x_wconf 82' lang='lat'><strong>866</strong></span> <span class='ocrx_word' id='word_1_186' title='bbox 1481 1537 1704 1578; x_wconf 82' lang='lat' dir='ltr'><strong>civitatem</strong></span> <span class='ocrx_word' id='word_1_187' title='bbox 1733 1535 1974 1579; x_wconf 86' lang='lat' dir='ltr'><strong>Romanam</strong></span> <span class='ocrx_word' id='word_1_188' title='bbox 2004 1537 2205 1579; x_wconf 89' lang='lat' dir='ltr'><strong>omnibus</strong></span> <span class='ocrx_word' id='word_1_189' title='bbox 2237 1536 2334 1577; x_wconf 90' lang='lat' dir='ltr'><strong>aliis</strong></span> <span class='ocrx_word' id='word_1_190' title='bbox 2366 1536 2429 1576; x_wconf 90' lang='lat' dir='ltr'><strong>ci-</strong></span> 
     </span>
     <span class='ocr_line' id='line_1_20' title="bbox 264 1609 2431 1671; baseline 0.003 -21"><span class='ocrx_word' id='word_1_191' title='bbox 264 1609 470 1651; x_wconf 82' lang='lat' dir='ltr'><strong>vitatibus</strong></span> <span class='ocrx_word' id='word_1_192' title='bbox 500 1611 637 1653; x_wconf 82' lang='lat' dir='ltr'><strong>fuisse</strong></span> <span class='ocrx_word' id='word_1_193' title='bbox 669 1612 927 1654; x_wconf 88' lang='lat' dir='ltr'><strong>contrariam</strong></span> <span class='ocrx_word' id='word_1_194' title='bbox 957 1627 1037 1653; x_wconf 90' lang='lat' dir='ltr'><strong>nec</strong></span> <span class='ocrx_word' id='word_1_195' title='bbox 1067 1627 1274 1668; x_wconf 89' lang='lat' dir='ltr'><strong>umquam</strong></span> <span class='ocrx_word' id='word_1_196' title='bbox 1306 1627 1405 1654; x_wconf 91' lang='lat' dir='ltr'><strong>cum</strong></span> <span class='ocrx_word' id='word_1_197' title='bbox 1434 1613 1526 1654; x_wconf 86' lang='lat' dir='ltr'><strong>ulla</strong></span> <span class='ocrx_word' id='word_1_198' title='bbox 1557 1614 1645 1656; x_wconf 88' lang='lat' dir='ltr'><strong>alia</strong></span> <span class='ocrx_word' id='word_1_199' title='bbox 1674 1615 1870 1671; x_wconf 89' lang='lat' dir='ltr'><strong>potuisse</strong></span> <span class='ocrx_word' id='word_1_200' title='bbox 1902 1616 2120 1670; x_wconf 86' lang='lat' dir='ltr'><strong>conjungi.</strong></span> <span class='ocrx_word' id='word_1_201' title='bbox 2170 1614 2282 1657; x_wconf 65' lang='lat' dir='ltr'><strong>Nam</strong></span> <span class='ocrx_word' id='word_1_202' title='bbox 2313 1614 2431 1671; x_wconf 90' lang='lat' dir='ltr'><strong>quod</strong></span> 
     </span>
     <span class='ocr_line' id='line_1_21' title="bbox 266 1687 2431 1748; baseline 0.002 -19"><span class='ocrx_word' id='word_1_203' title='bbox 266 1687 384 1743; x_wconf 83' lang='lat' dir='ltr'><strong>apud</strong></span> <span class='ocrx_word' id='word_1_204' title='bbox 422 1689 530 1731; x_wconf 88' lang='lat' dir='ltr'><strong>alios</strong></span> <span class='ocrx_word' id='word_1_205' title='bbox 564 1691 750 1746; x_wconf 91' lang='lat' dir='ltr'><strong>populos</strong></span> <span class='ocrx_word' id='word_1_206' title='bbox 788 1691 908 1732; x_wconf 87' lang='lat' dir='ltr'><strong>velut</strong></span> <span class='ocrx_word' id='word_1_207' title='bbox 947 1690 1065 1746; x_wconf 87' lang='lat' dir='ltr'><strong>apud</strong></span> <span class='ocrx_word' id='word_1_208' title='bbox 1102 1689 1297 1732; x_wconf 79' lang='lat' dir='ltr'><strong>Graecos</strong></span> <span class='ocrx_word' id='word_1_209' title='bbox 1334 1691 1496 1733; x_wconf 85' lang='lat' dir='ltr'><strong>factum</strong></span> <span class='ocrx_word' id='word_1_210' title='bbox 1536 1707 1633 1734; x_wconf 87' lang='lat' dir='ltr'><strong>esse</strong></span> <span class='ocrx_word' id='word_1_211' title='bbox 1671 1693 1876 1748; x_wconf 85' lang='lat' dir='ltr'><strong>legimus,</strong></span> <span class='ocrx_word' id='word_1_212' title='bbox 1913 1700 1961 1734; x_wconf 93' lang='lat' dir='ltr'><strong>ut</strong></span> <span class='ocrx_word' id='word_1_213' title='bbox 2001 1708 2079 1735; x_wconf 89' lang='lat' dir='ltr'><strong>seu</strong></span> <span class='ocrx_word' id='word_1_214' title='bbox 2109 1693 2324 1736; x_wconf 90' lang='lat' dir='ltr'><strong>commodi</strong></span> <span class='ocrx_word' id='word_1_215' title='bbox 2355 1707 2431 1734; x_wconf 86' lang='lat' dir='ltr'><strong>seu</strong></span> 
     </span>
     <span class='ocr_line' id='line_1_22' title="bbox 266 1751 2431 1827; baseline 0.002 -21"><span class='ocrx_word' id='word_1_216' title='bbox 266 1765 439 1808; x_wconf 86' lang='lat' dir='ltr'><strong>honoris</strong></span> <span class='ocrx_word' id='word_1_217' title='bbox 471 1782 627 1809; x_wconf 87' lang='lat' dir='ltr'><strong>caussa</strong></span> <span class='ocrx_word' id='word_1_218' title='bbox 648 1769 722 1823; x_wconf 88' lang='lat' dir='ltr'><strong>jus</strong></span> <span class='ocrx_word' id='word_1_219' title='bbox 752 1770 941 1811; x_wconf 88' lang='lat' dir='ltr'><strong>civitatis</strong></span> <span class='ocrx_word' id='word_1_220' title='bbox 971 1769 1018 1811; x_wconf 89' lang='lat' dir='ltr'><strong>in</strong></span> <span class='ocrx_word' id='word_1_221' title='bbox 1047 1769 1249 1826; x_wconf 90' lang='lat' dir='ltr'><strong>pluribus</strong></span> <span class='ocrx_word' id='word_1_222' title='bbox 1279 1783 1368 1811; x_wconf 87' lang='lat' dir='ltr'><strong>una</strong></span> <span class='ocrx_word' id='word_1_223' title='bbox 1398 1777 1440 1812; x_wconf 91' lang='lat' dir='ltr'><strong>et</strong></span> <span class='ocrx_word' id='word_1_224' title='bbox 1470 1771 1658 1813; x_wconf 87' lang='lat' dir='ltr'><strong>diversis</strong></span> <span class='ocrx_word' id='word_1_225' title='bbox 1687 1770 1871 1811; x_wconf 86' lang='lat' dir='ltr'><strong>urbibus</strong></span> <span class='ocrx_word' id='word_1_226' title='bbox 1902 1773 2169 1827; x_wconf 87' lang='lat' dir='ltr'><strong>conjungere</strong></span> <span class='ocrx_word' id='word_1_227' title='bbox 2190 1751 2356 1821; x_wconf 74' lang='lat' dir='ltr'><strong>liceret,</strong></span> <span class='ocrx_word' id='word_1_228' title='bbox 2386 1770 2431 1811; x_wconf 90' lang='lat' dir='ltr'><strong>id</strong></span> 
     </span>
     <span class='ocr_line' id='line_1_23' title="bbox 265 1845 2433 1904; baseline 0.002 -19"><span class='ocrx_word' id='word_1_229' title='bbox 265 1858 486 1899; x_wconf 87' lang='lat' dir='ltr'><strong>nunquam</strong></span> <span class='ocrx_word' id='word_1_230' title='bbox 516 1845 636 1901; x_wconf 88' lang='lat' dir='ltr'><strong>apud</strong></span> <span class='ocrx_word' id='word_1_231' title='bbox 663 1845 882 1889; x_wconf 81' lang='lat' dir='ltr'><strong>Romanos</strong></span> <span class='ocrx_word' id='word_1_232' title='bbox 913 1847 1128 1889; x_wconf 88' lang='lat' dir='ltr'><strong>accidisse</strong></span> <span class='ocrx_word' id='word_1_233' title='bbox 1159 1854 1276 1889; x_wconf 88' lang='lat' dir='ltr'><strong>certo</strong></span> <span class='ocrx_word' id='word_1_234' title='bbox 1307 1848 1482 1890; x_wconf 88' lang='lat' dir='ltr'><strong>scimus.</strong></span> <span class='ocrx_word' id='word_1_235' title='bbox 1511 1873 1514 1877; x_wconf 68' lang='lat'>›</span> <span class='ocrx_word' id='word_1_236' title='bbox 1543 1847 1729 1904; x_wconf 88' lang='lat' dir='ltr'><strong>Semper</strong></span> <span class='ocrx_word' id='word_1_237' title='bbox 1748 1847 1933 1890; x_wconf 88' lang='lat' dir='ltr'><strong>Romani</strong></span> <span class='ocrx_word' id='word_1_238' title='bbox 1963 1849 2065 1890; x_wconf 89' lang='lat' dir='ltr'><strong>inde</strong></span> <span class='ocrx_word' id='word_1_239' title='bbox 2096 1849 2433 1904; x_wconf 81' lang='lat' dir='ltr'><strong>antiquitusper</strong></span> 
     </span>
     <span class='ocr_line' id='line_1_24' title="bbox 265 1924 2431 1980; baseline 0.002 -18"><span class='ocrx_word' id='word_1_240' title='bbox 265 1935 435 1964; x_wconf 86' lang='lat' dir='ltr'><strong>omnem</strong></span> <span class='ocrx_word' id='word_1_241' title='bbox 475 1928 717 1980; x_wconf 86' lang='lat' dir='ltr'><strong>temporum</strong></span> <span class='ocrx_word' id='word_1_242' title='bbox 757 1925 989 1967; x_wconf 87' lang='lat' dir='ltr'><strong>decursum</strong></span> <span class='ocrx_word' id='word_1_243' title='bbox 1028 1939 1196 1967; x_wconf 81' lang='lat' dir='ltr'><strong>summa</strong></span> <span class='ocrx_word' id='word_1_244' title='bbox 1234 1927 1475 1968; x_wconf 88' lang='lat' dir='ltr'><strong>constantia</strong></span> <span class='ocrx_word' id='word_1_245' title='bbox 1512 1926 1558 1968; x_wconf 87' lang='lat' dir='ltr'><strong>id</strong></span> <span class='ocrx_word' id='word_1_246' title='bbox 1596 1926 1811 1977; x_wconf 85' lang='lat' dir='ltr'><strong>tenebant,</strong></span> <span class='ocrx_word' id='word_1_247' title='bbox 1850 1932 1898 1968; x_wconf 92' lang='lat' dir='ltr'><strong>ut</strong></span> <span class='ocrx_word' id='word_1_248' title='bbox 1936 1926 2011 1980; x_wconf 87' lang='lat' dir='ltr'><strong>qui</strong></span> <span class='ocrx_word' id='word_1_249' title='bbox 2041 1924 2263 1968; x_wconf 85' lang='lat' dir='ltr'><strong>Romanus</strong></span> <span class='ocrx_word' id='word_1_250' title='bbox 2308 1928 2431 1969; x_wconf 84' lang='lat' dir='ltr'><strong>fieret</strong></span> 
     </span>
     <span class='ocr_line' id='line_1_25' title="bbox 267 2001 2433 2060; baseline 0.002 -19"><span class='ocrx_word' id='word_1_251' title='bbox 267 2001 392 2050; x_wconf 86' lang='lat' dir='ltr'><strong>civis,</strong></span> <span class='ocrx_word' id='word_1_252' title='bbox 429 2015 480 2043; x_wconf 88' lang='lat' dir='ltr'><strong>eo</strong></span> <span class='ocrx_word' id='word_1_253' title='bbox 517 2002 613 2058; x_wconf 87' lang='lat' dir='ltr'><strong>ipso</strong></span> <span class='ocrx_word' id='word_1_254' title='bbox 652 2002 765 2044; x_wconf 86' lang='lat' dir='ltr'><strong>alius</strong></span> <span class='ocrx_word' id='word_1_255' title='bbox 807 2004 996 2046; x_wconf 86' lang='lat' dir='ltr'><strong>civitatis</strong></span> <span class='ocrx_word' id='word_1_256' title='bbox 1034 2004 1144 2045; x_wconf 88' lang='lat' dir='ltr'><strong>civis</strong></span> <span class='ocrx_word' id='word_1_257' title='bbox 1182 2018 1279 2044; x_wconf 86' lang='lat' dir='ltr'><strong>esse</strong></span> <span class='ocrx_word' id='word_1_258' title='bbox 1315 2004 1564 2046; x_wconf 84' lang='lat' dir='ltr'><strong>necessario</strong></span> <span class='ocrx_word' id='word_1_259' title='bbox 1601 2004 1839 2053; x_wconf 86' lang='lat' dir='ltr'><strong>desinerct;</strong></span> <span class='ocrx_word' id='word_1_260' title='bbox 1878 2004 1996 2045; x_wconf 88' lang='lat' dir='ltr'><strong>haud</strong></span> <span class='ocrx_word' id='word_1_261' title='bbox 2026 2004 2183 2055; x_wconf 89' lang='lat' dir='ltr'><strong>minus,</strong></span> <span class='ocrx_word' id='word_1_262' title='bbox 2215 2006 2291 2060; x_wconf 90' lang='lat' dir='ltr'><strong>qui</strong></span> <span class='ocrx_word' id='word_1_263' title='bbox 2321 2006 2433 2046; x_wconf 87' lang='lat' dir='ltr'><strong>inter</strong></span> 
     </span>
     <span class='ocr_line' id='line_1_26' title="bbox 267 2078 2432 2137; baseline 0.003 -19"><span class='ocrx_word' id='word_1_264' title='bbox 267 2078 387 2119; x_wconf 81' lang='lat' dir='ltr'><strong>cives</strong></span> <span class='ocrx_word' id='word_1_265' title='bbox 417 2080 677 2134; x_wconf 85' lang='lat' dir='ltr'><strong>peregrinae</strong></span> <span class='ocrx_word' id='word_1_266' title='bbox 706 2080 828 2122; x_wconf 89' lang='lat' dir='ltr'><strong>urbis</strong></span> <span class='ocrx_word' id='word_1_267' title='bbox 858 2088 1059 2137; x_wconf 86' lang='lat' dir='ltr'><strong>receptus</strong></span> <span class='ocrx_word' id='word_1_268' title='bbox 1090 2087 1167 2131; x_wconf 88' lang='lat' dir='ltr'><strong>est,</strong></span> <span class='ocrx_word' id='word_1_269' title='bbox 1199 2080 1317 2122; x_wconf 87' lang='lat' dir='ltr'><strong>haud</strong></span> <span class='ocrx_word' id='word_1_270' title='bbox 1348 2081 1536 2136; x_wconf 85' lang='lat' dir='ltr'><strong>amplius</strong></span> <span class='ocrx_word' id='word_1_271' title='bbox 1568 2082 1758 2123; x_wconf 84' lang='lat' dir='ltr'><strong>civitatis</strong></span> <span class='ocrx_word' id='word_1_272' title='bbox 1777 2080 1999 2124; x_wconf 80' lang='lat' dir='ltr'><strong>Romanae</strong></span> <span class='ocrx_word' id='word_1_273' title='bbox 2020 2083 2242 2137; x_wconf 83' lang='lat' dir='ltr'><strong>particeps</strong></span> <span class='ocrx_word' id='word_1_274' title='bbox 2262 2083 2432 2124; x_wconf 88' lang='lat' dir='ltr'><strong>mansit.</strong></span> 
     </span>
     <span class='ocr_line' id='line_1_27' title="bbox 267 2154 2432 2214; baseline 0.001 -17"><span class='ocrx_word' id='word_1_275' title='bbox 267 2154 359 2197; x_wconf 88' lang='lat' dir='ltr'><strong>Nec</strong></span> <span class='ocrx_word' id='word_1_276' title='bbox 395 2170 499 2198; x_wconf 84' lang='lat' dir='ltr'><strong>sane</strong></span> <span class='ocrx_word' id='word_1_277' title='bbox 539 2157 675 2199; x_wconf 81' lang='lat' dir='ltr'><strong>defuit</strong></span> <span class='ocrx_word' id='word_1_278' title='bbox 712 2156 916 2200; x_wconf 88' lang='lat' dir='ltr'><strong>Ciceroni</strong></span> <span class='ocrx_word' id='word_1_279' title='bbox 951 2159 1078 2214; x_wconf 89' lang='lat' dir='ltr'><strong>hujus</strong></span> <span class='ocrx_word' id='word_1_280' title='bbox 1114 2159 1179 2199; x_wconf 86' lang='lat' dir='ltr'><strong>rei</strong></span> <span class='ocrx_word' id='word_1_281' title='bbox 1216 2159 1422 2213; x_wconf 86' lang='lat' dir='ltr'><strong>cognitio,</strong></span> <span class='ocrx_word' id='word_1_282' title='bbox 1459 2158 1538 2200; x_wconf 90' lang='lat' dir='ltr'><strong>sed</strong></span> <span class='ocrx_word' id='word_1_283' title='bbox 1578 2160 1694 2200; x_wconf 86' lang='lat' dir='ltr'><strong>clare</strong></span> <span class='ocrx_word' id='word_1_284' title='bbox 1735 2174 1786 2201; x_wconf 86' lang='lat' dir='ltr'><strong>ac</strong></span> <span class='ocrx_word' id='word_1_285' title='bbox 1825 2160 2018 2201; x_wconf 87' lang='lat' dir='ltr'><strong>dilucide</strong></span> <span class='ocrx_word' id='word_1_286' title='bbox 2057 2161 2102 2200; x_wconf 89' lang='lat' dir='ltr'><strong>in</strong></span> <span class='ocrx_word' id='word_1_287' title='bbox 2132 2160 2323 2201; x_wconf 88' lang='lat' dir='ltr'><strong>oratione</strong></span> <span class='ocrx_word' id='word_1_288' title='bbox 2354 2173 2432 2214; x_wconf 91' lang='lat' dir='ltr'><strong>pro</strong></span> 
     </span>
     <span class='ocr_line' id='line_1_28' title="bbox 268 2233 2432 2294; baseline 0.001 -20"><span class='ocrx_word' id='word_1_289' title='bbox 268 2233 406 2276; x_wconf 81' lang='lat' dir='ltr'><strong>Balbo</strong></span> <span class='ocrx_word' id='word_1_290' title='bbox 435 2234 507 2276; x_wconf 91' lang='lat' dir='ltr'><strong>hic</strong></span> <span class='ocrx_word' id='word_1_291' title='bbox 537 2235 628 2277; x_wconf 90' lang='lat' dir='ltr'><strong>illic</strong></span> <span class='ocrx_word' id='word_1_292' title='bbox 654 2237 819 2278; x_wconf 86' lang='lat' dir='ltr'><strong>notavit</strong></span> <span class='ocrx_word' id='word_1_293' title='bbox 848 2236 895 2277; x_wconf 89' lang='lat' dir='ltr'><strong>id</strong></span> <span class='ocrx_word' id='word_1_294' title='bbox 924 2237 1189 2291; x_wconf 90' lang='lat' dir='ltr'><strong>principium</strong></span> <span class='ocrx_word' id='word_1_295' title='bbox 1219 2237 1445 2292; x_wconf 89' lang='lat' dir='ltr'><strong>proprium</strong></span> <span class='ocrx_word' id='word_1_296' title='bbox 1477 2236 1696 2291; x_wconf 88' lang='lat' dir='ltr'><strong>quoddam</strong></span> <span class='ocrx_word' id='word_1_297' title='bbox 1726 2252 1823 2279; x_wconf 88' lang='lat' dir='ltr'><strong>esse</strong></span> <span class='ocrx_word' id='word_1_298' title='bbox 1854 2253 1905 2279; x_wconf 88' lang='lat' dir='ltr'><strong>ac</strong></span> <span class='ocrx_word' id='word_1_299' title='bbox 1934 2238 2157 2294; x_wconf 85' lang='lat' dir='ltr'><strong>peculiare</strong></span> <span class='ocrx_word' id='word_1_300' title='bbox 2180 2238 2293 2291; x_wconf 88' lang='lat' dir='ltr'><strong>juris</strong></span> <span class='ocrx_word' id='word_1_301' title='bbox 2324 2237 2432 2278; x_wconf 88' lang='lat' dir='ltr'><strong>civi-</strong></span> 
     </span>
     <span class='ocr_line' id='line_1_29' title="bbox 272 2310 2434 2370; baseline 0.002 -19"><span class='ocrx_word' id='word_1_302' title='bbox 272 2311 326 2351; x_wconf 89' lang='lat' dir='ltr'><strong>lis</strong></span> <span class='ocrx_word' id='word_1_303' title='bbox 356 2310 474 2366; x_wconf 85' lang='lat' dir='ltr'><strong>apud</strong></span> <span class='ocrx_word' id='word_1_304' title='bbox 502 2311 733 2356; x_wconf 85' lang='lat' dir='ltr'><strong>Romanos.</strong></span> <span class='ocrx_word' id='word_1_305' title='bbox 791 2313 870 2355; x_wconf 89' lang='lat' dir='ltr'><strong>Ait</strong></span> <span class='ocrx_word' id='word_1_306' title='bbox 899 2313 962 2354; x_wconf 90' lang='lat' dir='ltr'><strong>ibi</strong></span> <span class='ocrx_word' id='word_1_307' title='bbox 993 2329 1089 2370; x_wconf 85' lang='lat' dir='ltr'><strong>cap.</strong></span> <span class='ocrx_word' id='word_1_308' title='bbox 1122 2315 1186 2354; x_wconf 91' lang='grc'><strong>11.</strong></span> <span class='ocrx_word' id='word_1_309' title='bbox 1218 2315 1251 2366; x_wconf 69' lang='grc' dir='ltr'><strong>ξ.</strong></span> <span class='ocrx_word' id='word_1_310' title='bbox 1281 2316 1356 2355; x_wconf 82' lang='lat'><strong>28:</strong></span> <span class='ocrx_word' id='word_1_311' title='bbox 1388 2314 1619 2365; x_wconf 85' lang='lat' dir='ltr'><strong>„Duarum</strong></span> <span class='ocrx_word' id='word_1_312' title='bbox 1652 2316 1875 2356; x_wconf 87' lang='lat' dir='ltr'><strong>civitatum</strong></span> <span class='ocrx_word' id='word_1_313' title='bbox 1907 2315 2017 2357; x_wconf 88' lang='lat' dir='ltr'><strong>civis</strong></span> <span class='ocrx_word' id='word_1_314' title='bbox 2047 2321 2193 2357; x_wconf 88' lang='lat' dir='ltr'><strong>nostro</strong></span> <span class='ocrx_word' id='word_1_315' title='bbox 2224 2329 2320 2356; x_wconf 86' lang='lat' dir='ltr'><strong>esse</strong></span> <span class='ocrx_word' id='word_1_316' title='bbox 2334 2316 2434 2368; x_wconf 91' lang='lat' dir='ltr'><strong>jure</strong></span> 
     </span>
     <span class='ocr_line' id='line_1_30' title="bbox 273 2380 2435 2447; baseline 0.001 -18"><span class='ocrx_word' id='word_1_317' title='bbox 273 2380 555 2433; x_wconf 77' lang='lat' dir='ltr'><strong>civilinemo</strong></span> <span class='ocrx_word' id='word_1_318' title='bbox 590 2397 754 2446; x_wconf 83' lang='lat' dir='ltr'><strong>potest3</strong></span> <span class='ocrx_word' id='word_1_319' title='bbox 790 2405 876 2432; x_wconf 91' lang='lat' dir='ltr'><strong>non</strong></span> <span class='ocrx_word' id='word_1_320' title='bbox 913 2405 1009 2432; x_wconf 86' lang='lat' dir='ltr'><strong>esse</strong></span> <span class='ocrx_word' id='word_1_321' title='bbox 1047 2391 1174 2445; x_wconf 88' lang='lat' dir='ltr'><strong>hujus</strong></span> <span class='ocrx_word' id='word_1_322' title='bbox 1214 2392 1417 2443; x_wconf 84' lang='lat' dir='ltr'><strong>civitatis,</strong></span> <span class='ocrx_word' id='word_1_323' title='bbox 1457 2393 1532 2447; x_wconf 90' lang='lat' dir='ltr'><strong>qui</strong></span> <span class='ocrx_word' id='word_1_324' title='bbox 1574 2407 1620 2433; x_wconf 90' lang='lat' dir='ltr'><strong>se</strong></span> <span class='ocrx_word' id='word_1_325' title='bbox 1652 2393 1728 2434; x_wconf 85' lang='lat' dir='ltr'><strong>alii</strong></span> <span class='ocrx_word' id='word_1_326' title='bbox 1760 2394 1925 2434; x_wconf 83' lang='lat' dir='ltr'><strong>civitati</strong></span> <span class='ocrx_word' id='word_1_327' title='bbox 1957 2393 2126 2442; x_wconf 85' lang='lat' dir='ltr'><strong>dicarit,</strong></span> <span class='ocrx_word' id='word_1_328' title='bbox 2156 2395 2348 2447; x_wconf 86' lang='lat' dir='ltr'><strong>potest;“</strong></span> <span class='ocrx_word' id='word_1_329' title='bbox 2392 2399 2435 2432; x_wconf 89' lang='lat' dir='ltr'><strong>et</strong></span> 
     </span>
     <span class='ocr_line' id='line_1_31' title="bbox 273 2467 2433 2526; baseline 0.001 -18"><span class='ocrx_word' id='word_1_330' title='bbox 273 2481 369 2523; x_wconf 85' lang='lat' dir='ltr'><strong>cap.</strong></span> <span class='ocrx_word' id='word_1_331' title='bbox 400 2467 467 2517; x_wconf 77' lang='lat'><strong>12,</strong></span> <span class='ocrx_word' id='word_1_332' title='bbox 497 2469 532 2519; x_wconf 75' lang='lat'><strong>§-</strong></span> <span class='ocrx_word' id='word_1_333' title='bbox 561 2468 615 2509; x_wconf 72' lang='lat'><strong>29</strong></span> <span class='ocrx_word' id='word_1_334' title='bbox 645 2483 729 2524; x_wconf 86' lang='lat' dir='ltr'><strong>sq.:</strong></span> <span class='ocrx_word' id='word_1_335' title='bbox 774 2467 894 2519; x_wconf 88' lang='lat' dir='ltr'><strong>„Nos</strong></span> <span class='ocrx_word' id='word_1_336' title='bbox 923 2483 1008 2510; x_wconf 90' lang='lat' dir='ltr'><strong>non</strong></span> <span class='ocrx_word' id='word_1_337' title='bbox 1037 2484 1269 2524; x_wconf 87' lang='lat' dir='ltr'><strong>possumus</strong></span> <span class='ocrx_word' id='word_1_338' title='bbox 1300 2476 1342 2510; x_wconf 88' lang='lat' dir='ltr'><strong>et</strong></span> <span class='ocrx_word' id='word_1_339' title='bbox 1372 2469 1500 2523; x_wconf 90' lang='lat' dir='ltr'><strong>hujus</strong></span> <span class='ocrx_word' id='word_1_340' title='bbox 1531 2484 1627 2511; x_wconf 90' lang='lat' dir='ltr'><strong>esse</strong></span> <span class='ocrx_word' id='word_1_341' title='bbox 1659 2471 1848 2512; x_wconf 85' lang='lat' dir='ltr'><strong>civitatis</strong></span> <span class='ocrx_word' id='word_1_342' title='bbox 1880 2476 1922 2511; x_wconf 90' lang='lat' dir='ltr'><strong>et</strong></span> <span class='ocrx_word' id='word_1_343' title='bbox 1953 2471 2145 2524; x_wconf 88' lang='lat' dir='ltr'><strong>cujusvis</strong></span> <span class='ocrx_word' id='word_1_344' title='bbox 2187 2475 2433 2526; x_wconf 84' lang='lat' dir='ltr'><strong>praeterea3</strong></span> 
     </span>
     <span class='ocr_line' id='line_1_32' title="bbox 274 2545 2432 2601; baseline 0 -15"><span class='ocrx_word' id='word_1_345' title='bbox 274 2545 429 2587; x_wconf 84' lang='lat' dir='ltr'><strong>ceteris</strong></span> <span class='ocrx_word' id='word_1_346' title='bbox 468 2559 721 2587; x_wconf 86' lang='lat' dir='ltr'><strong>concessum</strong></span> <span class='ocrx_word' id='word_1_347' title='bbox 758 2552 835 2588; x_wconf 86' lang='lat' dir='ltr'><strong>est.</strong></span> <span class='ocrx_word' id='word_1_348' title='bbox 894 2545 1048 2601; x_wconf 85' lang='lat' dir='ltr'><strong>Itaque</strong></span> <span class='ocrx_word' id='word_1_349' title='bbox 1079 2547 1122 2587; x_wconf 91' lang='lat' dir='ltr'><strong>in</strong></span> <span class='ocrx_word' id='word_1_350' title='bbox 1147 2545 1337 2588; x_wconf 86' lang='lat' dir='ltr'><strong>Graecis</strong></span> <span class='ocrx_word' id='word_1_351' title='bbox 1369 2547 1619 2588; x_wconf 86' lang='lat' dir='ltr'><strong>civitatibus</strong></span> <span class='ocrx_word' id='word_1_352' title='bbox 1654 2548 1854 2590; x_wconf 87' lang='lat' dir='ltr'><strong>videmus</strong></span> <span class='ocrx_word' id='word_1_353' title='bbox 1884 2547 2071 2589; x_wconf 88' lang='lat' dir='ltr'><strong>Athenis</strong></span> <span class='ocrx_word' id='word_1_354' title='bbox 2101 2545 2310 2596; x_wconf 87' lang='lat' dir='ltr'><strong>Rhodios,</strong></span> <span class='ocrx_word' id='word_1_355' title='bbox 2341 2546 2432 2587; x_wconf 85' lang='lat' dir='ltr'><strong>La-</strong></span> 
     </span>
     <span class='ocr_line' id='line_1_33' title="bbox 275 2622 2434 2678; baseline 0 -15"><span class='ocrx_word' id='word_1_356' title='bbox 275 2622 601 2673; x_wconf 85' lang='lat' dir='ltr'><strong>cedaemonios,-</strong></span> <span class='ocrx_word' id='word_1_357' title='bbox 622 2629 788 2665; x_wconf 86' lang='lat' dir='ltr'><strong>ceteros</strong></span> <span class='ocrx_word' id='word_1_358' title='bbox 817 2623 1012 2678; x_wconf 86' lang='lat' dir='ltr'><strong>undique</strong></span> <span class='ocrx_word' id='word_1_359' title='bbox 1043 2623 1235 2665; x_wconf 81' lang='lat' dir='ltr'><strong>adscribi</strong></span> <span class='ocrx_word' id='word_1_360' title='bbox 1264 2624 1585 2678; x_wconf 85' lang='lat' dir='ltr'><strong>multarumque</strong></span> <span class='ocrx_word' id='word_1_361' title='bbox 1616 2639 1712 2666; x_wconf 85' lang='lat' dir='ltr'><strong>csse</strong></span> <span class='ocrx_word' id='word_1_362' title='bbox 1742 2625 1918 2667; x_wconf 87' lang='lat' dir='ltr'><strong>eosdem</strong></span> <span class='ocrx_word' id='word_1_363' title='bbox 1949 2625 2144 2667; x_wconf 87' lang='lat' dir='ltr'><strong>homines</strong></span> <span class='ocrx_word' id='word_1_364' title='bbox 2165 2624 2434 2664; x_wconf 88' lang='lat' dir='ltr'><strong>civitatum.“</strong></span> 
     </span>
     <span class='ocr_line' id='line_1_34' title="bbox 275 2698 2433 2758; baseline -0 -17"><span class='ocrx_word' id='word_1_365' title='bbox 275 2698 501 2742; x_wconf 87' lang='lat' dir='ltr'><strong>Ciceronis</strong></span> <span class='ocrx_word' id='word_1_366' title='bbox 532 2706 675 2741; x_wconf 87' lang='lat' dir='ltr'><strong>autem</strong></span> <span class='ocrx_word' id='word_1_367' title='bbox 703 2702 996 2744; x_wconf 88' lang='lat' dir='ltr'><strong>testimonium</strong></span> <span class='ocrx_word' id='word_1_368' title='bbox 1024 2715 1151 2742; x_wconf 87' lang='lat' dir='ltr'><strong>nemo</strong></span> <span class='ocrx_word' id='word_1_369' title='bbox 1182 2715 1286 2742; x_wconf 84' lang='lat' dir='ltr'><strong>sane</strong></span> <span class='ocrx_word' id='word_1_370' title='bbox 1316 2700 1604 2752; x_wconf 85' lang='lat' dir='ltr'><strong>addubitabit‚</strong></span> <span class='ocrx_word' id='word_1_371' title='bbox 1644 2703 1720 2756; x_wconf 92' lang='lat' dir='ltr'><strong>qui</strong></span> <span class='ocrx_word' id='word_1_372' title='bbox 1757 2716 1905 2754; x_wconf 85' lang='lat' dir='ltr'><strong>secum</strong></span> <span class='ocrx_word' id='word_1_373' title='bbox 1943 2701 2211 2758; x_wconf 86' lang='lat' dir='ltr'><strong>reputaverit</strong></span> <span class='ocrx_word' id='word_1_374' title='bbox 2245 2699 2433 2741; x_wconf 86' lang='lat' dir='ltr'><strong>eundem</strong></span> 
     </span>
     <span class='ocr_line' id='line_1_35' title="bbox 278 2776 2433 2835; baseline -0.001 -18"><span class='ocrx_word' id='word_1_375' title='bbox 278 2776 383 2818; x_wconf 83' lang='lat' dir='ltr'><strong>alibi</strong></span> <span class='ocrx_word' id='word_1_376' title='bbox 413 2778 543 2833; x_wconf 87' lang='lat' dir='ltr'><strong>plane</strong></span> <span class='ocrx_word' id='word_1_377' title='bbox 573 2778 732 2819; x_wconf 83' lang='lat' dir='ltr'><strong>similia</strong></span> <span class='ocrx_word' id='word_1_378' title='bbox 759 2779 1014 2834; x_wconf 86' lang='lat' dir='ltr'><strong>protulisse3</strong></span> <span class='ocrx_word' id='word_1_379' title='bbox 1059 2779 1114 2820; x_wconf 90' lang='lat' dir='ltr'><strong>cf.</strong></span> <span class='ocrx_word' id='word_1_380' title='bbox 1146 2793 1225 2835; x_wconf 88' lang='lat' dir='ltr'><strong>pro</strong></span> <span class='ocrx_word' id='word_1_381' title='bbox 1263 2777 1396 2821; x_wconf 86' lang='lat' dir='ltr'><strong>Caec.</strong></span> <span class='ocrx_word' id='word_1_382' title='bbox 1427 2795 1524 2835; x_wconf 72' lang='lat' dir='ltr'><strong>cap,</strong></span> <span class='ocrx_word' id='word_1_383' title='bbox 1555 2781 1624 2830; x_wconf 87' lang='lat'><strong>34,</strong></span> <span class='ocrx_word' id='word_1_384' title='bbox 1656 2781 1688 2832; x_wconf 66' lang='grc' dir='ltr'><strong>ξ.</strong></span> <span class='ocrx_word' id='word_1_385' title='bbox 1722 2781 1822 2820; x_wconf 83' lang='grc' dir='ltr'><strong>10οε</strong></span> <span class='ocrx_word' id='word_1_386' title='bbox 1868 2778 2009 2829; x_wconf 87' lang='lat' dir='ltr'><strong>„Nam</strong></span> <span class='ocrx_word' id='word_1_387' title='bbox 2041 2792 2175 2833; x_wconf 88' lang='lat' dir='ltr'><strong>quum</strong></span> <span class='ocrx_word' id='word_1_388' title='bbox 2205 2791 2259 2818; x_wconf 88' lang='lat' dir='ltr'><strong>ex</strong></span> <span class='ocrx_word' id='word_1_389' title='bbox 2287 2781 2433 2817; x_wconf 89' lang='lat' dir='ltr'><strong>nostro</strong></span> 
     </span>
     <span class='ocr_line' id='line_1_36' title="bbox 272 2852 2434 2913; baseline -0.001 -19"><span class='ocrx_word' id='word_1_390' title='bbox 272 2856 369 2908; x_wconf 84' lang='lat' dir='ltr'><strong>jure</strong></span> <span class='ocrx_word' id='word_1_391' title='bbox 400 2854 580 2896; x_wconf 86' lang='lat' dir='ltr'><strong>duarum</strong></span> <span class='ocrx_word' id='word_1_392' title='bbox 613 2856 836 2897; x_wconf 83' lang='lat' dir='ltr'><strong>civitatum</strong></span> <span class='ocrx_word' id='word_1_393' title='bbox 866 2870 990 2897; x_wconf 89' lang='lat' dir='ltr'><strong>nemo</strong></span> <span class='ocrx_word' id='word_1_394' title='bbox 1021 2871 1116 2897; x_wconf 83' lang='lat' dir='ltr'><strong>esse</strong></span> <span class='ocrx_word' id='word_1_395' title='bbox 1147 2857 1297 2913; x_wconf 88' lang='lat' dir='ltr'><strong>possit,</strong></span> <span class='ocrx_word' id='word_1_396' title='bbox 1328 2862 1418 2897; x_wconf 88' lang='lat' dir='ltr'><strong>tum</strong></span> <span class='ocrx_word' id='word_1_397' title='bbox 1451 2858 1659 2898; x_wconf 85' lang='lat' dir='ltr'><strong>amittitur</strong></span> <span class='ocrx_word' id='word_1_398' title='bbox 1690 2856 1797 2897; x_wconf 87' lang='lat' dir='ltr'><strong>haec</strong></span> <span class='ocrx_word' id='word_1_399' title='bbox 1819 2857 1973 2898; x_wconf 86' lang='lat' dir='ltr'><strong>civitas</strong></span> <span class='ocrx_word' id='word_1_400' title='bbox 1995 2856 2196 2909; x_wconf 88' lang='lat' dir='ltr'><strong>denique,</strong></span> <span class='ocrx_word' id='word_1_401' title='bbox 2228 2866 2361 2907; x_wconf 90' lang='lat' dir='ltr'><strong>quum</strong></span> <span class='ocrx_word' id='word_1_402' title='bbox 2381 2852 2434 2901; x_wconf 89' lang='lat' dir='ltr'><strong>is,</strong></span> 
     </span>
     <span class='ocr_line' id='line_1_37' title="bbox 280 2930 2436 2989; baseline -0.002 -16"><span class='ocrx_word' id='word_1_403' title='bbox 280 2933 355 2985; x_wconf 87' lang='lat' dir='ltr'><strong>qui</strong></span> <span class='ocrx_word' id='word_1_404' title='bbox 389 2932 597 2988; x_wconf 86' lang='lat' dir='ltr'><strong>profugit,</strong></span> <span class='ocrx_word' id='word_1_405' title='bbox 633 2939 835 2989; x_wconf 83' lang='lat' dir='ltr'><strong>receptus</strong></span> <span class='ocrx_word' id='word_1_406' title='bbox 874 2939 940 2974; x_wconf 86' lang='lat' dir='ltr'><strong>est</strong></span> <span class='ocrx_word' id='word_1_407' title='bbox 975 2933 1020 2974; x_wconf 88' lang='lat' dir='ltr'><strong>in</strong></span> <span class='ocrx_word' id='word_1_408' title='bbox 1049 2934 1244 2984; x_wconf 88' lang='lat' dir='ltr'><strong>exilium,</strong></span> <span class='ocrx_word' id='word_1_409' title='bbox 1280 2933 1362 2976; x_wconf 86' lang='lat' dir='ltr'><strong>hoc</strong></span> <span class='ocrx_word' id='word_1_410' title='bbox 1394 2939 1458 2974; x_wconf 88' lang='lat' dir='ltr'><strong>cst</strong></span> <span class='ocrx_word' id='word_1_411' title='bbox 1489 2934 1534 2975; x_wconf 91' lang='lat' dir='ltr'><strong>in</strong></span> <span class='ocrx_word' id='word_1_412' title='bbox 1564 2933 1695 2975; x_wconf 87' lang='lat' dir='ltr'><strong>aliam</strong></span> <span class='ocrx_word' id='word_1_413' title='bbox 1725 2933 1994 2974; x_wconf 87' lang='lat' dir='ltr'><strong>civitatem.“</strong></span> <span class='ocrx_word' id='word_1_414' title='bbox 2050 2931 2237 2974; x_wconf 86' lang='lat' dir='ltr'><strong>Prorsus</strong></span> <span class='ocrx_word' id='word_1_415' title='bbox 2267 2930 2328 2969; x_wconf 91' lang='lat' dir='ltr'><strong>ita</strong></span> <span class='ocrx_word' id='word_1_416' title='bbox 2357 2942 2436 2982; x_wconf 89' lang='lat' dir='ltr'><strong>pro</strong></span> 
     </span>
     <span class='ocr_line' id='line_1_38' title="bbox 279 3005 2436 3067; baseline -0.002 -17"><span class='ocrx_word' id='word_1_417' title='bbox 279 3008 404 3050; x_wconf 80' lang='lat' dir='ltr'><strong>Balb.</strong></span> <span class='ocrx_word' id='word_1_418' title='bbox 442 3024 538 3065; x_wconf 89' lang='lat' dir='ltr'><strong>cap.</strong></span> <span class='ocrx_word' id='word_1_419' title='bbox 572 3011 637 3060; x_wconf 86' lang='lat'><strong>13,</strong></span> <span class='ocrx_word' id='word_1_420' title='bbox 667 3012 700 3061; x_wconf 87' lang='lat'><strong>§.</strong></span> <span class='ocrx_word' id='word_1_421' title='bbox 727 3012 782 3052; x_wconf 85' lang='lat'><strong>31</strong></span> <span class='ocrx_word' id='word_1_422' title='bbox 815 3011 1049 3052; x_wconf 82' lang='lat' dir='ltr'><strong>exclamat:</strong></span> <span class='ocrx_word' id='word_1_423' title='bbox 1095 3009 1166 3060; x_wconf 93' lang='lat' dir='ltr'><strong>„O</strong></span> <span class='ocrx_word' id='word_1_424' title='bbox 1199 3012 1301 3065; x_wconf 86' lang='lat' dir='ltr'><strong>jura</strong></span> <span class='ocrx_word' id='word_1_425' title='bbox 1339 3011 1567 3067; x_wconf 80' lang='lat' dir='ltr'><strong>praeclara</strong></span> <span class='ocrx_word' id='word_1_426' title='bbox 1605 3017 1733 3065; x_wconf 87' lang='lat' dir='ltr'><strong>atque</strong></span> <span class='ocrx_word' id='word_1_427' title='bbox 1771 3010 1978 3051; x_wconf 86' lang='lat' dir='ltr'><strong>divinitus</strong></span> <span class='ocrx_word' id='word_1_428' title='bbox 2010 3011 2100 3063; x_wconf 87' lang='lat' dir='ltr'><strong>jam</strong></span> <span class='ocrx_word' id='word_1_429' title='bbox 2131 3007 2231 3048; x_wconf 89' lang='lat' dir='ltr'><strong>inde</strong></span> <span class='ocrx_word' id='word_1_430' title='bbox 2261 3020 2287 3046; x_wconf 84' lang='lat' dir='ltr'><strong>a</strong></span> <span class='ocrx_word' id='word_1_431' title='bbox 2314 3005 2436 3061; x_wconf 88' lang='lat' dir='ltr'><strong>prin-</strong></span> 
     </span>
     <span class='ocr_line' id='line_1_39' title="bbox 284 3078 2434 3146; baseline -0.002 -19"><span class='ocrx_word' id='word_1_432' title='bbox 284 3086 398 3141; x_wconf 87' lang='lat' dir='ltr'><strong>cipio</strong></span> <span class='ocrx_word' id='word_1_433' title='bbox 415 3086 610 3130; x_wconf 73' lang='lat' dir='ltr'><strong>‘Romani</strong></span> <span class='ocrx_word' id='word_1_434' title='bbox 641 3078 825 3129; x_wconf 81' lang='lat' dir='ltr'><strong>nominis</strong></span> <span class='ocrx_word' id='word_1_435' title='bbox 846 3104 872 3130; x_wconf 86' lang='lat' dir='ltr'><strong>a</strong></span> <span class='ocrx_word' id='word_1_436' title='bbox 891 3088 1127 3143; x_wconf 83' lang='lat' dir='ltr'><strong>majoribus</strong></span> <span class='ocrx_word' id='word_1_437' title='bbox 1147 3090 1303 3130; x_wconf 86' lang='lat' dir='ltr'><strong>nostris</strong></span> <span class='ocrx_word' id='word_1_438' title='bbox 1326 3087 1595 3146; x_wconf 81' lang='lat' dir='ltr'><strong>comparata!</strong></span> <span class='ocrx_word' id='word_1_439' title='bbox 1625 3103 1679 3129; x_wconf 86' lang='lat' dir='ltr'><strong>nc</strong></span> <span class='ocrx_word' id='word_1_440' title='bbox 1702 3087 1799 3142; x_wconf 88' lang='lat' dir='ltr'><strong>quis</strong></span> <span class='ocrx_word' id='word_1_441' title='bbox 1820 3093 2012 3129; x_wconf 79' lang='lat' dir='ltr'><strong>nostrum</strong></span> <span class='ocrx_word' id='word_1_442' title='bbox 2033 3086 2132 3140; x_wconf 87' lang='lat' dir='ltr'><strong>plus</strong></span> <span class='ocrx_word' id='word_1_443' title='bbox 2154 3097 2284 3138; x_wconf 86' lang='lat' dir='ltr'><strong>quam</strong></span> <span class='ocrx_word' id='word_1_444' title='bbox 2304 3081 2434 3124; x_wconf 84' lang='lat' dir='ltr'><strong>unius</strong></span> 
     </span>
     <span class='ocr_line' id='line_1_40' title="bbox 286 3161 2438 3221; baseline -0.001 -17"><span class='ocrx_word' id='word_1_445' title='bbox 286 3163 472 3206; x_wconf 79' lang='lat' dir='ltr'><strong>civitatis</strong></span> <span class='ocrx_word' id='word_1_446' title='bbox 502 3179 598 3208; x_wconf 81' lang='lat' dir='ltr'><strong>esse</strong></span> <span class='ocrx_word' id='word_1_447' title='bbox 628 3166 785 3221; x_wconf 81' lang='lat' dir='ltr'><strong>possit3</strong></span> <span class='ocrx_word' id='word_1_448' title='bbox 816 3165 1123 3209; x_wconf 84' lang='lat' dir='ltr'><strong>dissimilitudo</strong></span> <span class='ocrx_word' id='word_1_449' title='bbox 1154 3167 1268 3208; x_wconf 85' lang='lat' dir='ltr'><strong>enim</strong></span> <span class='ocrx_word' id='word_1_450' title='bbox 1299 3167 1522 3209; x_wconf 82' lang='lat' dir='ltr'><strong>civitatum</strong></span> <span class='ocrx_word' id='word_1_451' title='bbox 1553 3166 1803 3207; x_wconf 85' lang='lat' dir='ltr'><strong>varietatem</strong></span> <span class='ocrx_word' id='word_1_452' title='bbox 1818 3164 1930 3217; x_wconf 87' lang='lat' dir='ltr'><strong>juris</strong></span> <span class='ocrx_word' id='word_1_453' title='bbox 1952 3161 2109 3202; x_wconf 84' lang='lat' dir='ltr'><strong>habeat</strong></span> <span class='ocrx_word' id='word_1_454' title='bbox 2128 3175 2306 3203; x_wconf 87' lang='lat' dir='ltr'><strong>necesse</strong></span> <span class='ocrx_word' id='word_1_455' title='bbox 2328 3164 2438 3202; x_wconf 55' lang='lat' dir='ltr'><strong>estf‘»</strong></span> 
     </span>
    </p>
   </div>
  </div>
 </body>
</html>
