2696 3450
1341 132 1402 175 u

292 289 589 331 auctoritatem
619 292 770 343 postea
797 286 890 329 fere
920 300 1068 330 omnes
1098 286 1236 327 secuti
1266 291 1377 336 sunt,
1408 286 1484 340 qui
1513 285 1710 340 ejusdem
1734 286 1802 327 rei
1831 288 2073 330 tractationi
2098 302 2280 345 operam
2309 303 2446 341 nava-7

292 373 404 408 runt.
462 365 733 420 Diligentius
765 365 820 406 de
849 365 1003 407 eodem
1033 370 1288 419 argumento
1319 364 1618 405 disseruerunt
1645 363 1820 407 Rubino
1855 365 1944 406 1.,1.
1976 367 2103 418 1844,
2130 371 2176 423 'p.
2206 369 2446 418 870-885,

294 452 337 485 et
368 445 491 494 1847,
520 459 563 499 p.
593 445 678 485 684
705 458 852 498 seqq-3
881 442 1063 484 Reinius
1092 443 1138 485 in
1165 441 1349 497 Encycl.
1378 448 1407 484 t.
1438 442 1492 492 V,
1522 457 1564 498 p.
1596 443 1678 484 212
1708 456 1804 498 sqq.
1839 449 1881 484 et
1908 443 1963 484 in·
1985 458 2169 486 censura
2196 460 2240 501 p.
2270 447 2297 487 5
2326 457 2449 500 sqq.;

294 521 482 564 Kienius
512 522 558 562 in
586 521 688 562 bell.
719 522 867 563 social.
897 535 940 576 p.
970 522 1026 562 34
1055 534 1179 575 seqq.
1207 526 1250 563 et
1280 526 1361 562 act.
1393 519 1499 575 phil.
1532 522 1654 571 1849,
1685 535 1729 576 p.
1757 518 1841 563 222
1872 527 1989 576 sqq.;
2020 521 2247 564 Grauerus
2274 525 2319 565 in
2347 538 2450 579 pro-

295 607 535 655 grammate
565 614 703 655 supra
727 599 902 640 laudato
931 614 974 654 p.
995 600 1020 640 2
1052 613 1147 654 sqq.
1205 598 1433 652 Integrum
1461 604 1605 640 autem
1634 599 1778 641 locum
1808 606 1852 641 et
1876 598 2010 641 Pauli
2037 599 2234 642 Diaconi.
2257 606 2305 642 et
2329 600 2450 642 Festi

296 678 383 719 huc
412 677 724 719 transscribere
752 677 886 727 volui,
915 691 1003 732 quo
1030 677 1206 718 facilius
1237 677 1475 718 examinari
1504 682 1548 719 et
1577 677 1808 732 dijudicari
1838 684 1998 733 queant
2019 677 2241 720 *diversae
2258 678 2452 721 divense-

297 770 394 797 rum
423 756 746 811 explicationes.

500 832 578 874 Ait
607 839 751 874 autem
778 832 947 875 Paulus
978 833 1201 883 diaconus,
1240 833 1362 875 Festi
1393 833 1670 889 epitomator:
1709 833 2037 890 „Municipium
2066 833 2113 875 id
2142 844 2283 889 genus
2313 833 2453 876 Ιιοιῐιίό

300 927 404 954 num
434 911 605 962 dicitur,
636 912 712 966 qui
741 925 876 966 quum
895 911 1078 954 Romam
1108 913 1329 953 venissent
1356 926 1498 966 neque
1523 913 1642 954 cives
1661 911 1847 954 Romani
1867 919 2027 962 essent,
2055 913 2291 968 participes
2311 919 2456 954 tamen

299 990 474 1031 fuerunt
502 990 694 1031 omnium
722 1004 868 1031 rerum
899 990 955 1031 ad
984 1005 1141 1031 munus
1169 990 1441 1045 fungendum
1469 1005 1557 1032 una
1587 1005 1685 1032 cum
1713 989 1921 1032 Romanis
1945 990 2123 1031 civibus
2153 996 2458 1046 praeterquam

301 1068 357 1109 de
388 1068 602 1122 suffragio
631 1068 811 1110 ferendo
841 1075 916 1109 aut
945 1069 1202 1123 magistratu
1234 1069 1469 1124 capiendo:
1508 1069 1622 1110 sicut
1644 1069 1824 1129 ⁴fuerunt
1852 1068 2071 1119 Fundani,
2099 1066 2458 1119 Formiani,·Cu-·

300 1147 438 1196 mani,
479 1145 712 1196 Acerrani,
749 1146 996 1196 Lanuvini,
1033 1146 1293 1197 Tusculani,
1335 1147 1411 1202 qui
1446 1154 1544 1202 post
1581 1147 1747 1201 aliquot
1783 1161 1917 1188 annos
1947 1146 2067 1187 cives
2095 1145 2280 1188 Romani
2311 1147 2458 1189 effecti

301 1230 413 1266 sunt.
443 1223 548 1266 Alio
578 1225 706 1267 modo
737 1240 871 1279 quum
901 1225 947 1266 id
977 1239 1117 1279 genus
1146 1225 1368 1266 hominum
1399 1225 1614 1276 definitur,
1645 1239 1828 1280 quorum
1859 1225 2013 1266 civitas
2042 1225 2248 1266 universa
2275 1225 2321 1266 in
2350 1226 2459 1266 civi-

300 1309 431 1344 tatem
460 1302 700 1345 Romanam
730 1303 862 1353 venit,
890 1309 939 1344 ut
967 1302 1152 1353 Aricini,
1183 1301 1395 1353 Caerites,
1424 1302 1662 1357 Anagnini.
1720 1301 1869 1344 Tertio
1907 1317 2039 1357 quum
2075 1302 2122 1344 id
2151 1317 2291 1358 genus
2320 1302 2459 1346 homi—

300 1396 404 1422 num
434 1381 650 1432 definitur,
682 1382 758 1435 qui
788 1381 844 1422 ad
874 1382 1094 1423 civitatem
1122 1380 1362 1422 Romanam
1396 1382 1458 1422 ita
1486 1386 1710 1431 venerunt,
1747 1387 1797 1421 ut
1827 1381 2068 1437 municipia
2097 1387 2242 1423 essent
2271 1396 2352 1423 sua
2381 1396 2458 1423 cu-

293 1461 456 1514 jusque
492 1460 681 1501 civitatis
719 1462 762 1500 et
799 1460 1016 1510 coloniae,
1052 1465 1101 1500 ut
1137 1458 1364 1510 Tiburtes,
1402 1458 1698 1509 Praenestini,
1736 1457 1910 1509 Pisani,
1951 1458 2189 1501 Urbinates
2205 1460 2258 1512 ¹),
2287 1459 2460 1510 Nolani,

300 1537 611 1587 Bononienses‚
641 1537 900 1587 Placentini,
929 1536 1153 1592 Nepesini,
1184 1536 1365 1588 Sutrini,
1394 1537 1664 1578 Lucensesf‘

503 1615 626 1657 Festi
664 1616 800 1657 verba
837 1622 979 1657 autem
1018 1622 1137 1656 sunt:
1178 1615 1442 1671 „Municeps
1473 1622 1551 1666 est,
1581 1622 1629 1656 ut
1658 1616 1717 1656 ait
1748 1614 1904 1656 Aelius
1934 1613 2107 1665 Gallus,
2139 1616 2215 1671 qui
2242 1617 2291 1657 in
2319 1617 2461 1657 muni—

303 1694 421 1748 cipio
457 1694 570 1734 liber
603 1700 730 1735 natus
767 1701 846 1735 est.
911 1693 1021 1735 Item
1059 1694 1135 1748 qui
1174 1695 1219 1734 in
1254 1695 1494 1749 municipio
1535 1709 1561 1735 a
1597 1694 1804 1736 servitute
1842 1708 1889 1735 se
1924 1693 2128 1734 liberavit
2165 1709 2192 1735 a
2227 1694 2460 1750 municipe.

301 1771 414 1812 Item
451 1772 693 1827 municipes
731 1779 870 1822 erant,
909 1773 985 1827 qui
1015 1787 1070 1814 ex
1099 1772 1198 1813 aliis
1229 1773 1479 1813 civitatibus
1508 1771 1691 1814 Romam
1727 1772 1960 1821 venissent,
1999 1771 2159 1826 quibus
2189 1786 2281 1813 non
2303 1772 2464 1814 licebat

301 1851 603 1904 magistratum
634 1865 805 1906 capere,
836 1850 914 1891 sed
943 1856 1106 1891 tantum
1137 1851 1327 1892 muneris
1357 1857 1539 1906 partem,
1596 1850 1659 1892 At
1688 1849 1950 1902 Servilius2)
1990 1850 2133 1904 ajebat
2151 1850 2284 1891 initio
2312 1850 2464 1900 fuisse,

303 1929 381 1982 qui
411 1943 462 1969 ea
493 1928 747 1970 condicione
777 1930 895 1970 cives
915 1928 1100 1970 Romani
1130 1929 1328 1978 fuissent,
1358 1937 1406 1970 ut
1436 1944 1609 1985 semper
1637 1929 1955 1985 rempublicam
1985 1929 2219 1983 separatim
2247 1942 2274 1968 a
2302 1928 2466 1984 populo

301 2005 498 2048 Romano
529 2007 751 2057 haberent,
780 2014 828 2048 ut
856 2007 1031 2048 suerunt
1061 2006 1263 2057 Cumani,
1293 2006 1523 2057 Acerrani,
1559 2006 1769 2057 Atellani,
1801 2006 1876 2062 qui
1906 2012 1950 2047 et
1979 2007 2097 2047 cives
2127 2005 2312 2048 Romani
2343 2014 2466 2047 eram

307 2091 349 2125 et
378 2084 424 2125 in
452 2085 626 2139 legione
657 2087 895 2136 merebant,
927 2086 1004 2127 sed
1034 2086 1269 2140 dignitates
1298 2099 1384 2126 non
1415 2085 1689 2140 capiebant.“

509 2162 675 2214 Quanti
705 2165 908 2206 momenti
939 2165 1025 2206 sint
1055 2164 1136 2204 hae
1167 2163 1438 2204 definitiones
1475 2163 1530 2204 ad
1561 2164 1898 2219 municipiorum
1927 2169 2125 2204 naturam
2155 2167 2272 2203 recte
2302 2174 2465 2216 cogno-

304 2241 509 2282 scendam
548 2256 696 2283 omnes
737 2251 835 2298 post
870 2242 1160 2284 Niebuhrium
1196 2242 1280 2282 viri
1317 2242 1433 2283 docti
1472 2243 1609 2298 probe
1648 2247 1965 2299 perspexerunt
1975 2256 1987 2291 3
2026 2241 2088 2281 ita
2115 2236 2279 2281 factum
2309 2246 2389 2290 est,
2417 2246 2466 2281 ut

304 2319 510 2375 permulti
547 2320 593 2362 in
629 2321 902 2376 explicandis
940 2322 994 2362 iis
1025 2335 1202 2376 operam
1232 2321 1506 2362 collocarent.
1564 2321 1663 2363 Hac
1692 2322 1737 2362 in
1767 2336 1816 2362 re
1844 2320 1916 2362 vel
1947 2319 2268 2360 diversissimas
2298 2319 2342 2359 in
2372 2332 2463 2359 me·-

305 2397 425 2439 dium
454 2399 646 2453 prolatas
676 2414 773 2440 esse
803 2400 1178 2455 interpretationes
1207 2413 1333 2440 nemo
1364 2399 1614 2450 mirabitur,
1655 2400 1731 2455 qui
1762 2399 1818 2441 ad
1846 2400 1912 2441 rei
1942 2398 2241 2440 difficultatem
2272 2397 2466 2438 animum

306 2475 532 2516 advertere
568 2478 765 2518 voluerit.
823 2476 914 2519 Nos
951 2493 1066 2519 nunc
1102 2493 1200 2519 cum
1237 2477 1427 2519 omnium
1469 2480 1702 2520 sententias
1740 2492 1993 2520 enumerare
2029 2476 2209 2517 difficile
2239 2476 2307 2526 sit,
2337 2475 2383 2516 in
2412 2489 2463 2517 eo

306 2556 650 2609 acquiescemus,
678 2561 727 2596 ut
755 2556 1117 2610 gravissimarum
1137 2562 1316 2606 tantum,
1347 2556 1459 2597 sicut
1480 2556 1708 2612 hucusque
1727 2557 1927 2607 fecimus,
1956 2555 2217 2596 mentionem
2238 2554 2463 2595 faciamus.

506 2632 642 2675 Recte
683 2640 827 2674 autem
865 2634 951 2676 duo
981 2635 1086 2684 viri,
1117 2647 1226 2688 quos
1257 2641 1300 2674 et
1328 2634 1373 2675 in
1403 2635 1687 2689 sequentibus
1717 2635 1990 2692 potissimum
2022 2639 2120 2674 ante
2151 2633 2298 2674 ocules
2328 2631 2462 2673 habe-

304 2711 465 2761 bimus,
505 2711 607 2752 dum
644 2713 689 2753 in
723 2712 974 2753 universum
1012 2712 1066 2753 de
1102 2711 1231 2753 Pauli
1263 2711 1472 2767 Festique
1502 2714 1650 2756 verbis
1686 2715 1974 2770 disputarunt,
2004 2711 2179 2754 Rubino
2209 2717 2251 2751 et
2278 2709 2462 2751 Reinius

306 2787 521 2839 dixerunt,
560 2790 688 2830 alter:
743 2790 858 2832 hunc
895 2790 1038 2832 locum
1076 2791 1401 2832 accuratissime
1440 2792 1650 2847 scriptum
1687 2807 1783 2834 esse
1823 2792 2054 2845 omniaque
2085 2790 2316 2838 continere,
2348 2802 2462 2843 quae

306 2867 360 2908 de
390 2868 641 2922 municipiis
672 2874 769 2909 ante
799 2869 943 2923 legem
972 2867 1140 2910 Juliam
1170 2868 1356 2910 dicenda
1376 2876 1534 2920 essent,
1564 2871 1625 2912 ita
1643 2877 1692 2912 ut
1711 2870 1879 2911 nullum
1898 2869 2081 2911 verbum
2102 2867 2310 2909 omissum
2330 2871 2458 2915 esset,

303 2946 471 2986 nullum
500 2945 754 2996 abundaret,
785 2946 913 2988 alter:
951 2947 1126 3002 singula
1154 2948 1299 2989 omnia
1326 2947 1439 2990 bene
1474 2948 1586 2990 inter
1615 2963 1663 2990 se
1692 2949 1938 2997 cohaerere,
1967 2943 2029 2987 ita
2056 2951 2105 2986 ut
2133 2945 2326 2987 veritatis
2357 2956 2458 2998 spe-

306 3023 414 3064 ciem
445 3039 552 3080 prae
581 3038 629 3065 se
656 3024 831 3066 ferrent.

509 3189 535 3231 ¹)
559 3194 790 3236 „Arpinates“
813 3194 954 3237 plurimi
980 3194 1114 3227 codices
1139 3193 1277 3226 habent.
1423 3180 1427 3182 ,
1455 3196 1457 3198 '
1547 3193 1576 3235 ¹)
1601 3192 1723 3235 „Servi
1745 3192 1860 3225 filius“
1887 3192 2034 3235 conjecit
2054 3188 2277 3223 niebuhrius.
