2696 3450
1301 124 1363 172 13

253 284 371 340 cipio
401 282 621 338 designari
652 282 901 323 societatem
932 282 1002 323 vel
1034 281 1282 324 sodalitium
1312 282 1583 336 municipum
1613 282 1640 321 i.
1663 295 1699 322 e.
1730 281 1873 323 locum
1905 299 1930 323 a
1960 283 2253 341 municipibus
2285 286 2410 328 habi-

254 369 402 402 tatum.
459 359 679 402 Rubinoni
720 367 869 402 eontra
892 360 1048 401 >visum
1087 366 1172 409 est3
1197 361 1255 400 -is
1293 365 1374 400 act.
1417 359 1524 414 phil.
1567 360 1676 407 1844
1716 373 1757 414 p.
1794 362 1874 400 871
1916 360 2208 403 definitionem
2246 364 2347 404 inde
2386 379 2412 404 a

255 439 438 494 Sigonio
474 439 676 480 usitatam
709 461 760 479 .-··
790 438 1058 493 „municipio
1096 437 1306 493 oppidum
1342 439 1583 493 significari
1613 439 1713 492 jure
1747 439 1908 480 civium
1947 436 2238 479 Romanorum
2277 440 2410 482 dona-

254 519 397 567 tum“:
434 515 488 556 de
523 517 701 571 antiquo
733 517 831 570 jure
868 515 1021 557 Italiae
1053 530 1089 557 c.
1121 517 1168 564 63
1213 514 1394 556 Graevii
1433 516 1541 557 thes.
1572 514 1633 565 ΙΙ,
1665 531 1706 570 p.
1737 518 1822 558 474
1851 539 1905 546 —
1936 516 2154 570 vituperat
2183 523 2225 556 et
2255 518 2411 558 multos

254 593 356 640 inde
393 608 567 635 errores-
598 593 778 634 fluxisse
814 594 1047 636 contendit.
1113 593 1166 634 Id
1203 593 1404 649 pluribus
1444 594 1624 648 insuper
1661 594 1760 635 aliis
1797 593 1907 635 locis
1945 594 2136 649 repetiit;
2183 594 2293 634 conf.
2332 602 2411 634 act.

252 671 362 726 phil.
396 673 516 722 1847,
546 686 589 726 p.
619 671 701 712 683
730 685 827 726 sqq.
859 679 902 712 et
930 687 973 727 p.
996 672 1091 712 795.
1152 670 1369 712 Provocat
1400 670 1455 711 ad
1485 670 1633 721 verba,
1665 685 1777 726 quae
1808 672 1853 712 in
1883 671 2131 713 definitione
2152 670 2280 711 Pauli
2305 670 2412 710 Dia-

255 751 352 791 coni
383 749 678 805 epitomatoris
709 749 936 803 leguntur,
973 748 1049 788 ubi
1079 749 1424 804 „municipium“
1461 763 1630 803 „genus
1661 749 1910 790 hominum“
1941 749 2113 799 dieitur,
2144 755 2187 789 et
2216 762 2413 803 compro—

257 828 361 869 bare
404 827 547 868 studet
594 825 704 867 illud
740 826 1002 869 vocabulum
1041 827 1258 882 principio
1308 827 1556 868 sodalitium
1598 834 1761 867 tantum
1800 827 2020 868 hominum
2061 828 2334 881 significasse
2373 834 2414 866 et

254 912 407 960 postea
444 905 628 946 demum
655 905 700 944 in
737 905 927 947 sodalitii
962 905 1105 946 locum
1146 905 1173 948 i.
1204 919 1241 945 e.
1279 905 1327 945 in
1361 905 1626 946 intellectum
1657 905 1809 960 oppidi
1838 906 2076 946 transiisse.
2136 903 2228 945 Nee
2259 904 2305 945 id
2335 904 2413 945 ab-

255 982 406 1031 surde3
436 982 721 1024 nihilosecius
753 997 851 1023 cum
882 982 1037 1025 Reinio
1067 982 1297 1023 tenendum
1329 996 1425 1023 esse
1457 982 1642 1023 arbitror
1672 997 1844 1037 semper
1874 983 2017 1024 locum
2048 984 2118 1024 vel
2149 982 2359 1038 oppidum
2390 997 2415 1022 a

257 1059 541 1115 scriptoribus
578 1060 763 1114 intelligi
800 1067 842 1101 et
877 1061 1003 1102 nobis
1034 1075 1208 1116 quoque
1245 1061 1577 1115 intelligendum
1608 1075 1718 1101 esse.
1777 1059 1849 1101 De
1881 1060 2008 1101 Pauli
2041 1060 2228 1102 Diaconi
2261 1060 2414 1100 defini-

254 1138 369 1181 tione
400 1137 471 1178 hic
501 1144 645 1178 tacere
676 1139 812 1179 satius
842 1138 968 1188 duco,
999 1153 1134 1192 quum
1164 1153 1264 1179 mox
1295 1139 1481 1195 amplius
1522 1153 1617 1179 eam
1648 1138 1920 1193 explanaturi
1953 1139 2108 1186 simus3
2153 1151 2305 1178 moneo
2337 1151 2415 1177 au·-

253 1223 339 1256 tem
378 1222 525 1258 contra
560 1214 834 1257 Rubinonem
873 1216 1004 1266 illud,
1041 1216 1096 1257 de
1136 1231 1221 1271 quo
1259 1217 1395 1266 dicat,
1435 1216 1656 1258 hominum
1694 1216 1942 1258 sodalitium
1978 1217 2148 1258 nonnisi
2185 1215 2306 1257 urbis
2343 1215 2413 1255 vel

252 1293 405 1349 oppidi
437 1293 661 1334 moenibus
692 1294 921 1347 contineri3
952 1295 1145 1350 profecte
1176 1296 1290 1336 enim
1312 1296 1381 1335 ita
1411 1294 1583 1335 demum
1614 1293 1724 1334 illud
1754 1293 1954 1335 efficitur.

456 1371 617 1413 Fusius
645 1373 910 1413 ,sententiam
949 1386 1072 1413 suam
1111 1374 1313 1428 exposuit
1348 1371 1531 1414 Reinius
1569 1373 1615 1413 in
1652 1387 1837 1415 censura
1875 1373 2096 1414 doetrinae
2127 1388 2153 1413 a
2181 1370 2411 1413 Rubinone

258 1450 450 1505 prolatae
482 1464 523 1505 p.
548 1451 568 1490 1
591 1463 655 1503 sq.
715 1449 851 1492 Recte
880 1450 941 1490 ibi
974 1450 1276 1492 animadvertit
1306 1457 1479 1507 praeter
1509 1450 1585 1491 illa
1613 1450 1743 1492 Pauli
1773 1450 1962 1492 Diaconi
1992 1451 2139 1501 verba,
2171 1450 2223 1506 de
2255 1449 2414 1503 quibus

254 1530 299 1569 in
326 1536 555 1581 utramque
586 1534 752 1583 partem
785 1528 998 1584 disputari
1029 1529 1180 1584 possit,
1210 1529 1379 1570 nullum
1409 1529 1527 1584 apud
1557 1535 1726 1570 veteres
1757 1529 1901 1570 locum
1929 1529 2134 1584 reperiri,
2165 1528 2242 1568 ubi
2274 1540 2414 1581 genus

253 1614 416 1650 tantum
453 1606 676 1649 hominum
705 1607 997 1661 intelligatur,
1043 1614 1191 1648 contra
1219 1621 1304 1648 non
1335 1622 1513 1663 paucos,
1552 1608 1628 1648 ubi
1659 1608 1824 1663 oppida
1854 1607 2099 1648 necessario
2129 1603 2417 1659 intelligenda

255 1687 365 1747 εἰμὴ,
410 1685 525 1726 Mihi
557 1699 730 1739 quoque
760 1694 806 1726 ut
836 1686 877 1726 ei
907 1685 1081 1727 videtur
1100 1685 1266 1727 Paulus
1298 1685 1523 1727 brevitatis
1554 1692 1718 1726 tantum
1740 1701 1896 1727 caussa
1917 1686 2079 1727 dixisse
2101 1683 2415 1738 „municipium

253 1763 300 1805 id
329 1778 468 1818 genus
492 1763 750 1805 ,hominum“
780 1778 860 1819 pro
890 1765 1207 1819 „municipium
1238 1764 1450 1820 oppidum
1489 1765 1582 1818 ejus
1618 1765 1793 1818 generis
1825 1764 2090 1806 hominum.“
2150 1761 2319 1818 Oppidi
2349 1762 2414 1800 in-

253 1841 429 1882 tellectu
466 1840 623 1883 Cicero
659 1843 916 1897 saepissime
954 1857 1106 1884 vocem
1136 1843 1365 1898 usurpavit
1394 1842 1449 1883 ef.
1480 1841 1596 1883 Phil.
1628 1842 1712 1893 111,
1745 1844 1782 1883 6.
1816 1843 1867 1882 15
1898 1856 2075 1891 „omnes
2107 1841 2182 1895 qui
2213 1853 2360 1881 sumus
2392 1853 2415 1878 e

253 1919 557 1977 municipiis;“
596 1935 646 1975 ps
670 1918 821 1960 Plane.
854 1934 891 1960 c.
921 1921 946 1961 8
977 1921 1009 1972 §.
1043 1922 1095 1961 19
1133 1920 1368 1971 „refertum
1406 1921 1694 1976 municipium
1733 1920 2087 1968 consularibus;“
2135 1919 2242 1959 ibid.
2273 1919 2305 1970 ξ,
2338 1919 2413 1964 20;

254 2012 290 2038 c.
312 2000 362 2046 ¹9,
393 1998 424 2050 §.
457 1999 519 2038 22-
542 2004 584 2038 et
613 1999 688 2046 233
719 2012 762 2053 p.
793 1997 903 2039 Sull.
936 2013 972 2038 e.
1005 2000 1043 2047 7,
1074 1998 1108 2050 §.
1139 1999 1214 2047 23;
1254 2014 1295 2054 p.
1327 1998 1462 2040 Arch.
1494 2014 1530 2041 c.
1562 2002 1602 2050 4,
1634 2000 1664 2052 ξ.
1697 2001 1736 2040 8.
1795 1998 1933 2040 Porro
1964 2012 2097 2052 quum
2126 1996 2301 2038 Rubino
2330 2007 2415 2036 non

253 2089 400 2116 omncs
437 2075 588 2131 oppidi
628 2075 792 2116 incolas
832 2076 1075 2131 municipes
1113 2075 1251 2118 fuisse
1281 2083 1415 2132 putet,
1448 2077 1525 2118 sed
1556 2077 1772 2118 interdum
1803 2084 1969 2132 partem
1999 2076 2140 2126 modo,
2172 2089 2285 2130 quae
2315 2088 2413 2129 per-

253 2154 415 2209 exigua
445 2168 542 2195 esse
571 2154 772 2209 potuerit,
806 2153 880 2207 qui
910 2154 1082 2195 tandem
1112 2155 1276 2196 factum
1307 2161 1386 2204 est,
1417 2162 1465 2195 ut
1495 2170 1663 2205 nomen,
1696 2169 1781 2209 quo
1811 2155 1934 2196 initio
1957 2155 2088 2211 pauci
2109 2161 2273 2195 tantum
2295 2153 2413 2192 inco—

253 2232 321 2272 lae
353 2231 841 2288 comprehendebantur,
874 2232 1034 2272 sensim
1064 2232 1120 2273 ad
1150 2234 1279 2274 totius
1311 2233 1461 2288 oppidi
1495 2233 1837 2287 designationem
1858 2233 2088 2274 transiret?
2131 2231 2259 2273 Hanc
2280 2244 2414 2284 quae—

255 2310 436 2352 stionem
466 2311 600 2352 movit
622 2311 712 2365 jam
742 2309 927 2352 Reinius
956 2325 997 2366 p.
1030 2312 1069 2360 2,
1100 2310 1177 2352 sed
1208 2311 1325 2365 quod
1354 2310 1528 2352 Rubino
1560 2318 1640 2351 act.
1673 2310 1777 2366 phil.
1812 2313 1933 2361 1847,
1964 2326 2006 2366 p.
2038 2311 2119 2352 795
2151 2309 2327 2365 protulit
2359 2307 2414 2348 ad

256 2388 558 2430 stabiliendam
603 2400 727 2430 suam
772 2388 1027 2429 sententiani
1070 2388 1175 2430 mihi
1221 2388 1399 2443 quidem
1442 2405 1525 2431 non
1565 2390 1766 2432 sufficere
1803 2390 1977 2431 videtur
2017 2389 2071 2430 ad
2101 2388 2260 2430 nodum
2291 2387 2415 2427 illurn

258 2466 530 2509 solvendum..

456 2543 721 2587 Tenebimus
759 2546 894 2601 igitur
930 2560 1028 2587 cum
1057 2544 1212 2589 Reinio
1251 2556 1399 2589 eontra
1435 2545 1731 2595 Rubinonem,
1772 2547 1941 2587 etiamsi
1979 2546 2155 2602 proprie
2194 2545 2414 2587 hominum

256 2622 505 2664 sodalitium
544 2623 762 2677 quoddam
798 2624 1038 2680 municipio
1075 2625 1297 2680 designari
1335 2626 1627 2675 concedimus,
1667 2640 1839 2680 semper
1878 2632 2020 2666 tamen
2056 2625 2196 2666 locum
2228 2637 2314 2663 una
2346 2622 2414 2663 vel

258 2699 465 2756 oppidum
497 2700 826 2755 intelligendum
857 2717 967 2752 esse,
998 2704 1092 2744 sine
1121 2718 1207 2758 quo
1238 2703 1486 2745 sodalitium
1517 2703 1625 2745 illud
1655 2718 1735 2744 nec
1765 2718 1862 2756 esse
1892 2718 1971 2744 nec
2003 2703 2184 2756 cogitari
2216 2702 2366 2758 possit.

943 2885 946 2890 ξ
966 2853 1002 2886 6,.
1047 2845 1108 2882 De
1131 2849 1451 2895 municipiorum
1476 2846 1704 2895 qeneribus.

411 2960 413 2962 v
459 2932 825 2991 Transgredimur
854 2951 968 2979 nunc
998 2937 1054 2979 ad
1085 2945 1278 2979 veterum
1309 2938 1594 2988 definitiones,
1626 2951 1738 2991 quae
1768 2937 1892 2979 nobis
1923 2943 2120 2978 servatae
2151 2942 2261 2984 sunt,
2301 2948 2412 2988 quae

259 3012 350 3053 fere
384 3014 646 3068 gravissima
682 3022 746 3056 est
784 3015 1087 3072 disputationis
1121 3022 1292 3057 nostrae
1329 3031 1457 3071 pars3
1503 3017 1573 3057 hie
1612 3016 1809 3071 inprimis
1844 3015 1968 3057 nobis
1999 3015 2214 3069 agendum
2246 3014 2330 3054 crit
2358 3012 2412 3054 de

260 3089 620 3144 explicationibus
650 3090 779 3133 Pauli
807 3093 997 3136 Diaconi
1037 3108 1070 3135 s.
1101 3110 1141 3134 v.
1174 3095 1516 3150 ‚,munieipium“
1551 3101 1592 3135 et
1625 3093 1743 3134 Festi
1775 3109 1807 3135 s.
1840 3109 1878 3133 V.
1918 3093 2215 3147 ‚,municeps,“
2251 3091 2410 3146 quibus

262 3167 385 3219 quasi
415 3167 692 3213 fundamento
722 3171 953 3214 universae
982 3172 1036 3215 de
1065 3173 1315 3228 municipiis
1347 3173 1567 3214 doctrinae
1605 3173 1694 3226 jam
1731 3170 1996 3212 Niebuhrius
2040 3184 2145 3212 usus
2189 3180 2274 3222 est3
2319 3172 2410 3226 ejus
