2696 3450
1360 135 1427 179 lo

320 295 554 351 municipis
596 304 753 336 nomen
781 289 987 334 Ciceroni
1030 288 1215 331 inditum
1259 303 1369 332 esse.
1427 288 1592 332 Contra
1620 289 1795 333 Rubino
1823 292 1852 333 1.
1882 292 1912 334 1.
1935 291 1984 349 ‘pq
2015 296 2097 336 796
2116 309 2222 351 sqq.
2254 307 2476 344 asseverat

321 374 584 430 adJectivum
611 377 777 413 tantum
806 368 1142 424 „11mnicipalis“
1171 369 1254 410 hoc
1284 382 1417 410 sensu
1443 369 1663 425 usurpari,
1701 376 1751 410 ut
1780 369 1836 411 ad
1866 369 2079 425 originem
2109 376 2335 429 pertineat,
2365 391 2477 420 nun-

320 466 453 508 quam
481 463 587 493 vero
615 448 878 492 vocabulum
907 445 1206 502 ,‚municeps.“
1255 445 1398 487 'Haud
1428 446 1617 489 diffiteor
1642 446 1845 501 equidem
1875 447 2140 504 plerumque.
2152 453 2271 507 apud
2291 455 2477 511 scripto..

320 545 405 581 res,
450 530 526 584 qui
557 528 747 581 aliquem
778 540 802 566 e
830 524 1070 578 municipio
1094 523 1240 565 'ortu'm
1270 537 1366 565 esse
1397 539 1496 565 cum
1526 525 1675 566 afflatu
1705 523 1893 579 quodam
1912 529 2253 583 *contemptionis
2282 532 2477 574 indicare

319 608 496 657 vellent,
524 603 810 660 municipales
828 604 860 655 ¹)
890 602 989 649 illos
1019 601 1190 652 vocari,
1234 616 1322 643 non
1358 604 1622 659 municipes:
1668 603 1954 645 nihilosecius
1983 619 2079 647 meo
2110 606 2286 660 quidem
2308 609 2477 662 judicio

321 692 439 728 recte
468 684 650 727 Reinius
680 681 844 723 notavit
872 679 1055 723 verbum
1085 680 1374 735 „municeps“
1405 695 1579 735 quoque
1609 681 1665 722 ad
1685 682 1899 737 originem
1919 683 2228 739 municipalem
2249 686 2477 740 pertinere,

321 763 475 806 Facile
518 767 662 804 autem
704 758 972 814 intelligitur·
993 757 1048 799 ob
1079 758 1408 812 ambiguitatem
1440 759 1568 814 hujus
1604 760 1823 810 vocabuli,
1868 760 2032 817 quippe
2062 763 2148 816 qu'o
2179 764 2418 817 antiquitus
2445 764 2479 805 ii

323 850 501 892 tantum,
546 841 622 896 qui
665 838 936 880 extrinsecus
966 835 1171 878 Romam'
1193 837 1427 888 venissent,
1471 844 1623 892 postea
1659 838 1690 879 ii
1722 851 1910 894 quoque,
1953 845 2003 879 ut
2030 839 2092 880 ait
2119 838 2279 882 Aelius
2302 839 2478 892 Gallus,

300 929 302 933 “
324 922 668 976 designarentur,
699 917 775 972 qui
804 916 850 956 in
875 914 1126 969 municipiis
1145 914 1235 955 nati
1253 915 1412 965 essent,
1443 916 1676 971 scriptores
1698 916 1958 970 adjectivum
1988 917 2322 972 „municipalis“
2351 933 2480 973 prae-

323 1000 487 1041 tulisse.
544 995 607 1039 At
634 1008 739 1037 vero
770 994 868 1048 quis
897 991 1140 1034 Rubinonis
1184 993 1439 1034 sententiam
1481 994 1662 1047 rejicere
1708 994 1936 1044 dubitabit,
1984 996 2059 1049 qui
2090 993 2316 1037 Ciceronis
2345 995 2481 1036 verba

324 1079 378 1120 (le
406 1077 525 1132 legg.
554 1073 615 1125 II,
638 1076 676 1115 1.
697 1075 723 1116 3
752 1078 853 1114 ante
882 1070 1133 1127 perlegerit.
1191 1069 1280 1118 Hic
1310 1084 1444 1125 quum
1473 1070 1666 1126 Arpinas
1696 1072 1771 1113 ille
1801 1073 2027 1127 municeps
2058 1072 2113 1113 de
2141 1071 2315 1128 Arpino
2341 1072 2479 1114 dixis-

325 1163 410 1198 set:
440 1155 579 1206 „haec
609 1158 675 1194 est
701 1166 801 1193 mea
830 1156 873 1191 et
900 1150 1047 1191 fratris
1076 1148 1163 1193 mei
1194 1163 1403 1203 germana
1432 1150 1616 1205 patria,“
1647 1162 1868 1205 quumque
1898 1150 2072 1192 Atticus
2094 1149 2209 1190 ibid.
2222 1149 2270 1191 ⁷2.
2287 1150 2318 1190 5
2345 1150 2479 1191 inter-

323 1237 544 1290 rogasset:
574 1230 682 1282 „sed
710 1228 829 1271 illud>
849 1234 994 1269 tamen
1024 1227 1153 1282 quale
1183 1232 1260 1277 est,
1291 1227 1409 1281 quod
1438 1227 1586 1282 paullo
1616 1234 1715 1269 ante
1744 1228 1891 1269 dixisti
1922 1229 2036 1270 hunc
2066 1228 2210 1270 locum
2229 1241 2480 1282 germanam

324 1312 512 1368 patriam
542 1323 640 1351 esse
666 1308 887 1350 vestram?
916 1305 1128 1360 numquid
1159 1305 1268 1346 duas
1298 1305 1467 1346 habetis
1496 1306 1692 1361 patrias?
1720 1321 1776 1347 an
1805 1313 1870 1347 est
1898 1321 1986 1347 una
2012 1306 2090 1347 illa
2118 1306 2262 1362 patr-ia
2288 1319 2481 1349 commu-

324 1391 425 1433 nis?
467 1384 554 1430 nisi
596 1388 708 1429 forte
745 1385 933 1441 sapienti
967 1385 1032 1425 illi
1062 1381 1218 1425 Catoni
1247 1383 1329 1424 fuit
1347 1376 1502 1442 'patria
1530 1398 1616 1426 non
1644 1382 1784 1425 Roma
1811 1384 1891 1426 sed
1921 1383 2161 1425 Tusculum
2173 1387 2214 1434 ;“
2257 1383 2482 1439 respondit

326 1468 506 1510 Cicero:
552 1464 679 1520 „Ego
724 1462 973 1504 mehercule
1016 1468 1059 1502 et
1101 1461 1167 1502 illi
1212 1467 1254 1502 et
1291 1461 1491 1502 omnibus
1522 1462 1818 1518 municipibus
1849 1462 1958 1503 duas
1989 1476 2090 1503 esse
2116 1476 2274 1504 censeo
2302 1462 2482 1518 patrias,

325 1560 457 1588 unam
494 1550 687 1593 naturae,
731 1541 913 1583 alteram
956 1540 1159 1589 civitatis,
1202 1545 1251 1580 ut
1286 1539 1363 1580 il‘le
1392 1537 1516 1590 Cato,
1555 1554 1689 1594 quum
1726 1539 1910 1581 Tusculi
1940 1528 2055 1581 Esset
2082 1545 2224 1589 natus,
2253 1540 2299 1580 in
2328 1539 2482 1595 populi

325 1623 511 1666 Romani
540 1621 759 1663 civitatem
782 1623 1019 1673 susceptus
1049 1623 1128 1658 est.
1186 1616 1432 1672 Ita-qumm
1462 1624 1558 1659 ortu
1589 1617 1865 1659 Tusculanus
1894 1624 2022 1668 esset,
2053 1618 2227 1659 civitate
2245 1615 2483 1667 Romanus,

328 1701 481 1747 habuit
516 1699 696 1740 alteram
734 1697 820 1738 loci
853 1692 1060 1751 patriam,
1105 1695 1283 1735 alteram
1307 1696 1420 1749 juris
1449 1710 1523 1735 ——-:
1562 1696 1625 1737 sic
1654 1710 1732 1737 nos
1763 1702 1805 1737 et
1834 1711 1930 1737 eam
1959 1696 2145 1751 patriam
2175 1694 2376 1744 dicimus,
2403 1694 2482 1735 ubi

326 1778 417 1820 nati
456 1757 516 1818 et*
533 1776 668 1825 illam,
705 1787 795 1829 qua
827 1773 999 1828 excepti
1029 1770 1197 1814 sumus..
1250 1772 1341 1814 Sed
1370 1787 1550 1815 necesse
1580 1780 1644 1815 est
1676 1774 1863 1815 caritate⁴
1884 1788 1980 1821 eam
2010 1772 2481 1829 praestare-*quard-

328 1856 531 1912 publicae
559 1867 718 1895 nomen
745 1851 977 1892 universae
1007 1851 1333 1892 civitatis'est.“

530 1931 715 1987 Duplici
759 1936 903 1971 autem
946 1929 1112 1970 ratione
1157 1928 1225 1969 his
1267 1929 1416 1971 verbis
1445 1927 1688 1972 Rubinonis
1719 1930 1915 1972 doctrina
1932 1926 2264 1985 ‘redarguitum-
2293 1926 2484 1985 primum

328 2013 443 2054 enim
470 2010 752 2067 perspicuum
780 2009 841 2058 fit,
868 2007 991 2062 quod
1021 2004 1163 2048 adhuc
1195 2007 1396 2048 evincere
1427 2007 1684 2059 studuimus,
1715 2007 1973 2050 Ciceronem
2002 2008 2216 2062 originem
2246 2020 2396 2049 eorum
2415 2007 2484 2048 inq

327 2090 541 2145 telligere,
572 2101 681 2142 quos
712 2095 754 2128 et
782 2087 879 2142 ipse
909 2091 951 2126 et
979 2085 1055 2126 alii
1085 2090 1311 2139 praeterea
1338 2086 1582 2140 municipes
1613 2083 1957 2141 appellaverunt,
1988 2085 2145 2126 deinde
2175 2083 2256 2126 hoc
2287 2083 2483 2135 almi-iim,

328 2167 447 2223 quod
476 2179 609 2222 supra
636 2164 904 2219 argumentis
934 2163 1188 2204 confirmare
1218 2160 1361 2204 eonati
1390 2177 1554 2213 sumus,
1582 2161 1766 2204 Romam
1794 2170 1973 2218 tantum,
2001 2178 2088 2205 non
2105 2163 2239 2204 ullam
2259 2169 2484 2218 praeterea

330 2247 562 2293 civitatem,
592 2243 834 2298 municipes
865 2240 950 2282 sibi
979 2239 1231 2281 adscivisse.
1289 2240 1415 2281 Duas
1444 2240 1593 2294 igitur,
1622 2246 1670 2281 ut
1699 2239 1856 2283 Cicero
1886 2241 1960 2292 ait,
1988 2241 2214 2296 municeps
2244 2239 2376 2282 habet
2403 2254 2483 2296 pa·-

328 2324 455 2374 trias,
476 2315 607 2362 u'fiam
635 2327 829 2370 naturae,
860 2319 1038 2360 alteram
1061 2319 1188 2372 juris,
1218 2317 1357 2360 Roma
1385 2325 1542 2368 autem,
1571 2324 1620 2358 ut
1649 2318 1796 2359 verbis
1815 2317 1961 2360 Reinii
1991 2325 2101 2367 utar,
2131 2316 2327 2359 omnium
2341 2318 2484 2359 muni-

330 2403 478 2456 cipum
506 2405 572 2440 est
600 2400 741 2454 patria
768 2412 850 2439 nec
879 2411 1071 2451 unquam
1100 2411 1180 2452 pro
1209 2396 1383 2438 diversa
1405 2397 1580 2438 civitate
1601 2396 1749 2437 habita
1779 2395 1949 2455 ofilCic.
1973 2396 2027 2437 de
2051 2396 2138 2450 leg.
2159 2409 2252 2450 agr.
2273 2395 2335 2446 ΙΙ,
2356 2409 2393 2437 c.
2410 2394 2483 2445 32,

329 2480 362 2529 ξ.
381 2479 455 2518 86:
486 2475 699 2526 „Romam
730 2489 1000 2517 communem
1029 2476 1215 2529 patriam
1246 2470 1436 2516 omnium
1465 2481 1657 2516 nostrum
1669 2477 1711 2523 ;“
1740 2473 1975 2516 Modestin.
2005 2473 2033 2514 l.
2053 2474 2122 2514 33.
2153 2472 2210 2514 D.
2237 2473 2293 2515 ad
2323 2473 2482 2515 munic.

331 2555 423 2607 (50,¹
449 2555 531 2606 1.):
562 2551 728 2603 „Roma
758 2553 997 2594 communis
1027 2559 1221 2594 nostrum
1250 2554 1393 2608 patria
1422 2555 1530 2593 est.“

530 2628 622 2672 Nos
665 2631 803 2685 igitur
846 2630 928 2672 hac
959 2630 1013 2672 de
1042 2644 1090 2670 re
1119 2631 1249 2685 plane
1278 2645 1379 2672 cum
1406 2629 1563 2672 Reinio
1593 2632 1905 2681 consentimus,
1931 2630 2006 2684 qui
2034 2640 2120 2670 non
2150 2628 2290 2670 solum
2318 2629 2365 2669 in
2391 2627 2482 2669 En-

332 2709 442 2763 cycl.
473 2714 572 2749 tom.
603 2706 658 2758 V,
689 2723 731 2763 p.
763 2709 844 2749 212
872 2709 1089 2749 notionem
1118 2708 1321 2749 vocabuli
1351 2708 1694 2763 ,‚municipium“
1737 2709 1783 2749 in
1824 2708 2076 2749 universum
2105 2713 2222 2749 recte
2251 2705 2484 2747 adumbra-

331 2786 408 2835 vit,
438 2774 589 2826 verum
617 2787 748 2828 etiam
778 2786 826 2827 in
854 2790 1037 2826 censum
1066 2799 1168 2840 pag.
1198 2787 1227 2826 4
1255 2799 1365 2840 sqq„
1395 2786 1502 2840 quid
1533 2786 1617 2827 sibi
1645 2790 1902 2841 persuasum
1940 2787 2009 2836 sit,
2053 2785 2306 2839 diligentius
2337 2790 2485 2826 contra

333 2851 607 2905 Rubinonem
651 2864 863 2918 exposuit.
921 2862 978 2904 Et
1020 2862 1147 2904 nobis
1189 2874 1446 2918 persuasum
1492 2871 1557 2905 est
1600 2865 1864 2919 municipem
1906 2864 2044 2905 fuisse
2071 2864 2214 2904 civem
2242 2861 2484 2904 Romanum

333 2930 479 2995 neque·
507 2950 767 2996 quemquam
797 2942 992 2996 potuisse
1022 2941 1109 2982 dici
1136 2941 1414 2996 municipem,
1443 2941 1528 2983 nisi
1550 2942 1626 2996 qui
1646 2942 1755 2999 civis
1773 2941 1993 2984 Romanus
2009 2941 2150 2982 factus
2171 2946 2297 2980 esset.
2340 2937 2483 2992 Hujus

537 3074 562 3116 ¹)
587 3074 640 3108 Cf.
661 3075 743 3108 Juv.
766 3073 839 3107 Sat.
863 3073 928 3113 111,
952 3074 1014 3114 34;
1037 3073 1135 3113 VIII,
1159 3073 1293 3110 236de
1317 3073 1501 3106 Cicerone:
1535 3075 1625 3115 „Hic
1650 3085 1761 3108 novus
1782 3075 1950 3117 Arpinas,
1984 3074 2149 3117 ignobilis
2173 3078 2208 3106 et
2229 3073 2332 3105 modo
2354 3072 2485 3105 Romae

341 3129 559 3170 municipalis
585 3131 721 3173 eques.“
766 3130 846 3163 Tac.
871 3130 967 3164 Anu.
991 3129 1053 3170 IV,
1078 3129 1113 3160 3:
1138 3130 1209 3169 „At
1232 3129 1294 3161 illa
1317 3130 1445 3171 (Livia)
1478 3140 1513 3162 se
1545 3136 1578 3163 et
1601 3132 1748 3173 majores
1772 3133 1805 3160 et
1828 3134 1982 3171 posteros
2006 3129 2209 3171 municipali
2233 3129 2390 3162 adultero
2414 3127 2484 3160 foe-

337 3181 470 3213 dabat.“
687 3183 690 3188 ’
909 3182 911 3184 ·
955 3184 957 3189 ·
1340 3185 1343 3189 ⁴
2126 3189 2129 3196 ,.
2460 3189 2463 3193 ,
