2696 3450
769 0 789 9 “
2156 9 2190 40 ἰ
2237 2 2293 20 Ιἵ

1330 167 1334 169 ,
1365 113 1395 169 ,4
1457 167 1590 172 ‚m-
1783 143 1786 145 -
2159 96 2257 190 ’.ἦ

303 265 530 322 splendent
568 265 762 315 virtutes,
801 278 913 320 quac
951 265 1094 306 omnia
1130 263 1375 308 Rubinonis
1411 266 1576 322 scripta
1612 265 1831 319 decorant,
1869 269 2090 326 multaque
2127 272 2302 324 rectius,
2335 286 2466 327 quam

303 345 357 385 ab
391 343 504 393 aliis,
536 342 745 385 docentur
775 349 817 384 et
847 343 1027 397 egregie
1057 343 1341 385 illustrantur.
1391 342 1686 386 Nihilosecius
1707 346 1856 396 multa,
1886 359 1942 387 ne
1962 346 2102 389 dicam
2123 349 2325 404 plurima,
2354 350 2466 393 falsa

302 423 356 462 iis
402 420 594 463 admixta
633 435 729 462 esse
768 421 973 475 equidem
1003 420 1173 475 judico,
1211 427 1253 462 ct
1302 421 1557 475 judicarunt
1586 423 1679 476 jam
1719 429 1819 465 ante
1849 439 1918 465 me
1949 424 2180 478 duumviri,
2209 426 2392 469 Reinius
2421 429 2467 468 in

304 514 490 541 censura
518 497 776 549 Rubinonis,
808 513 920 552 quae
950 499 1167 554 reperitur
1195 499 1241 540 in
1271 499 1573 542 dissertatione
1604 501 1658 542 de
1687 499 1981 544 Romanorum
2011 503 2262 558 municipiis
2292 505 2465 547 Isenaci

304 578 411 618 1847
444 576 574 625 edita,
606 582 647 617 et
676 575 865 617 Kienius
893 571 940 617 in
969 576 1152 632 Bergkii
1182 583 1224 618 et
1255 576 1458 620 Caesaris
1490 585 1570 620 act.
1602 578 1753 634 philol.
1786 581 1909 631 1849,
1948 579 2024 621 Nr.
2056 582 2237 631 28-30,
2275 584 2350 636 qui
2373 585 2465 638 jam

303 661 430 695 antea
459 655 504 694 in
534 653 646 695 libro
677 653 730 694 de
760 653 875 695 bello
906 655 1057 696 sociali
1089 657 1328 711 composito
1359 657 1459 699 inde
1490 672 1516 698 a
1536 671 1638 712 pag.
1660 659 1828 699 33-54
1856 660 2111 700 sententiam
2132 673 2256 700 suam
2277 659 2468 702 breviter

303 747 352 772 ac
384 731 628 772 summatim
658 731 900 786 proposuit.

504 808 642 857 Alter,
675 809 750 862 qui
781 810 926 850 statim
956 817 1054 866 post
1073 810 1348 854 Rubinonem
1379 814 1526 856 vocari
1549 813 1689 866 debet,
1721 814 1836 856 idem
1858 822 1922 857 est
1942 814 2138 866 Reinius,
2169 829 2298 869 quem
2320 814 2468 870 paullo

303 894 400 927 ante
432 893 580 928 contra
609 885 884 929 Rubinonem
915 887 1163 943 disputasse
1196 891 1460 943 notavimus;
1501 892 1608 947 quid
1645 893 1730 936 sibi
1760 908 2018 949 persua-sum
2047 900 2174 943 esset,
2212 909 2296 935 non
2328 894 2468 934 solum

302 966 346 1004 in
390 965 642 1006 recensione
686 965 776 1015 illa,
820 980 972 1007 vorum
1016 967 1148 1009 etiam
1190 969 1235 1010 in
1277 968 1636 1025 Encyclopaedia
1679 970 1950 1027 philologica
1994 987 2021 1013 a
2048 971 2221 1027 Paulyo
2264 970 2467 1012 inchoata

303 1040 424 1083 Tom.
457 1041 510 1092 V,
542 1058 644 1099 pag.
675 1045 900 1086 212-232
938 1060 972 1087 s.
1003 1059 1124 1087 vocc.
1166 1046 1463 1103 ‚,Municeps“
1500 1055 1543 1089 et
1582 1047 1937 1104 „Municipium“
1968 1050 2222 1103 diligentius
2254 1048 2468 1104 exposuit.

301 1118 404 1160 Jam
434 1119 505 1161 hic
537 1127 680 1162 autem
710 1122 972 1164 monendum
1003 1123 1115 1164 duco
1151 1126 1196 1168 in
1234 1126 1364 1180 longe
1395 1126 1597 1181 plurimis
1627 1127 1759 1168 rebus
1798 1142 1865 1168 me
1897 1142 1994 1168 cum
2024 1125 2180 1168 Reinio
2210 1126 2467 1175 consentire,

302 1212 403 1237 nam
434 1211 530 1239 meo
561 1199 737 1253 quidem
760 1201 928 1254 judicio
958 1199 1203 1244 Rubinonis
1233 1203 1308 1244 ille
1339 1204 1588 1258 castigator,
1628 1205 1730 1246 licet
1758 1207 1923 1260 passim
1963 1206 2106 1246 minus
2136 1212 2255 1246 recta
2285 1219 2339 1246 ac
2366 1190 2468 1259 prb-

303 1275 468 1317 habilia
498 1277 729 1328 contendit,
760 1279 804 1319 in
833 1279 1086 1321 universum
1115 1287 1260 1322 tamen
1288 1282 1531 1323 rectissime
1558 1283 1622 1323 rei
1652 1284 1931 1339 municipalis
1951 1296 2150 1325 naturam
2170 1282 2469 1336 rationemque

304 1353 592 1396 adumbravit.

505 1432 638 1475 Multi
677 1437 855 1478 minoris
896 1437 1100 1478 momenti
1139 1437 1195 1478 ad
1231 1439 1568 1493 municipiorum
1609 1439 1822 1480 rationem
1862 1447 1979 1482 recte
2018 1437 2366 1494 cognoscendam
2405 1443 2469 1478 est

304 1507 408 1549 Chr.
439 1509 580 1554 Nicol.
611 1511 800 1555 Graueri
839 1515 1155 1556 dissertationis
1194 1515 1248 1556 de
1284 1530 1331 1556 re
1371 1516 1625 1571 municipali
1655 1514 1948 1558 Romanorum
1967 1516 2194 1572 *particula
2234 1515 2326 1557 Kil.
2360 1517 2470 1556 1840

303 1587 432 1628 edita.
491 1589 600 1631 Inde
630 1591 716 1632 huc
753 1593 940 1633 maxime
970 1595 1170 1648 pertinet,
1202 1593 1318 1646 quod
1349 1593 1423 1634 ille
1454 1594 1594 1648 primo
1626 1595 1769 1649 capite
1801 1594 1854 1636 de
1880 1594 2003 1636 Festi
2033 1601 2075 1635 et
2094 1592 2230 1636 Gellii
2253 1593 2468 1635 definitio-

302 1664 432 1705 nibus
463 1665 701 1722 disputavit
711 1685 723 1718 ;
754 1669 881 1725 hujus
913 1673 1150 1713 sententiae
1180 1672 1226 1712 in
1256 1672 1537 1725 sequentibus
1568 1672 1708 1713 obiter
1736 1680 1900 1714 tantum
1923 1687 1973 1714 ac
1994 1672 2129 1713 veluti
2150 1673 2199 1712 in
2215 1678 2468 1712 transcursu

303 1743 562 1785 mentionem
592 1746 817 1789 faciemus.
875 1749 1110 1791 Praeterea
1139 1748 1316 1808 minime
1346 1764 1415 1790 me
1444 1750 1559 1804 sugit
1580 1750 1830 1806 Zumptium
1862 1765 2035 1805 quoque
2067 1750 2120 1790 de
2152 1749 2303 1791 eodem
2335 1763 2468 1803 argu-

303 1826 446 1862 mento
475 1821 672 1865 libellum
704 1828 1015 1882 composuisse,
1047 1828 1122 1881 qui
1153 1827 1425 1869 inscribitur:
1467 1827 1612 1878 „Ueber
1647 1827 1704 1870 bie
1733 1827 1949 1880 ffissmifcben
1979 1828 2102 1871 mittet
2132 1831 2208 1870 unb
2237 1831 2305 1869 ben
2335 1827 2469 1868 Untet’

302 1896 411 1950 §ebich
449 1902 512 1942 ber
549 1902 832 1959 §Benennungeu
869 1905 1178 1960 Municipium,
1217 1904 1414 1955 Colonia,
1451 1904 1735 1947 Praefectura
1774 1906 1826 1948 im
1859 1905 2075 1956 fflssmiicben
2115 1903 2397 1956 &taatssrccbvss
2427 1909 2469 1943 et

304 1974 497 2018 Berolini
531 1980 640 2021 1840
669 1982 714 2022 in
742 1982 885 2024 lucem
916 1983 1077 2039 prodiit
1088 1999 1099 2032 3
1134 1983 1211 2024 sed
1242 1983 1313 2025 hic
1343 1983 1531 2034 libellus,
1565 1998 1827 2038 quamquam
1856 1983 2050 2038 parando
2080 1984 2121 2023 ei
2152 1997 2328 2038 operam
2354 1980 2470 2030 dedi,

303 2068 387 2095 non
417 2061 561 2097 tamen
591 2058 697 2099 mihi
729 2060 898 2115 obtigit,
937 2062 997 2103 ita
1031 2069 1078 2102 ut
1117 2061 1243 2115 hujus
1284 2062 1367 2102 viri
1399 2062 1655 2102 sententiam
1686 2062 1816 2116 plane
1847 2061 2043 2102 omittere
2074 2074 2268 2115 cogerer.
2328 2058 2467 2100 Porro

303 2132 577 2186 aliquatenus
609 2136 694 2177 hue
724 2139 951 2179 referenda
983 2146 1080 2179 sunt
1111 2140 1285 2193 singula
1316 2139 1604 2193 singulorum,
1642 2139 1777 2179 veluti
1808 2138 2044 2192 Madvigii,
2082 2137 2229 2179 Peteri
2260 2138 2465 2179 aliorum-

304 2224 388 2262 que
420 2210 473 2251 de
504 2206 585 2253 hac
617 2216 797 2256 materia
827 2216 956 2266 dicta,
989 2231 1101 2270 qua-e
1132 2217 1222 2257 suis
1253 2217 1361 2257 locis
1392 2232 1417 2257 a
1447 2217 1573 2258 nobis
1605 2216 1850 2258 afferentur.
1879 2249 1881 2251 >
1907 2255 1912 2260 .

505 2288 715 2332 Subsistit
745 2294 880 2346 igitur
911 2294 1108 2346 quaestio
1138 2305 1284 2335 nostra
1313 2295 1425 2335 intra
1455 2294 1533 2336 hos
1565 2302 1768 2349 quattuor
1797 2295 2068 2351 potissimum
2101 2295 2231 2344 viros,
2268 2293 2466 2335 Rubino-

301 2380 413 2415 nem,
443 2365 659 2419 Reinium,
690 2370 913 2418 Kienium,
945 2369 1211 2419 Grauerum3
1243 2372 1430 2411 maxime
1461 2379 1604 2413 autem
1634 2373 1758 2414 nobis
1789 2373 2078 2414 examinanda
2107 2387 2157 2412 ac
2187 2371 2465 2425 dijudicanda

302 2443 383 2482 erit
412 2442 656 2486 Rubinonis
688 2447 910 2487 sententia.
969 2446 1041 2487 De
1080 2447 1162 2488 hac
1201 2449 1349 2502 igitur,
1389 2450 1494 2502 quid
1535 2450 1809 2491 statuendum
1840 2451 2052 2499 videatur,
2084 2449 2293 2499 dicemus,
2323 2463 2465 2502 neque

303 2521 373 2564 ita,
392 2521 526 2581 mults)
556 2530 667 2577 post,
700 2524 776 2564 sed
807 2539 948 2579 pauca
979 2532 1076 2566 ante
1107 2525 1292 2566 dicenda
1322 2533 1432 2566 sunt.
1490 2526 1725 2569 Enimvero
1756 2528 1859 2568 dum
1888 2528 1941 2577 de
1967 2543 2014 2568 re
2047 2528 2303 2582 municipali
2333 2541 2464 2580 agere

302 2584 581 2656 instituimus,
602 2584 657 2641 ἦ
689 2602 1002 2658 amplissimum
1042 2617 1146 2644 sane
1184 2617 1384 2658 campum
1423 2604 1671 2654 evadimus3
1715 2621 1821 2661 ergo
1857 2606 2073 2647 neminem
2114 2606 2242 2646 valde
2277 2604 2463 2645 demira-

303 2685 447 2717 turum
490 2692 586 2719 esse
627 2693 867 2734 speramus,
907 2680 1024 2734 quod
1060 2681 1284 2721 materiam
1320 2689 1510 2722 nostram
1548 2683 1807 2724 arctioribus
1845 2683 2106 2736 quibusdam
2137 2682 2346 2724 limitibus
2378 2683 2463 2723 cii-2-

304 2744 595 2801 cumscribere
627 2771 848 2807 conamur,
880 2772 989 2811 quos
1020 2759 1118 2813 ipsa
1147 2758 1358 2813 propositi
1388 2761 1522 2800 nostri
1553 2760 1693 2801 forma
1724 2776 1774 2801 ac
1804 2762 1914 2803 ratio
1936 2761 2020 2801 sibi
2042 2760 2243 2816 postulet.
2293 2758 2462 2815 Dispu-

302 2831 511 2874 taverunt·
541 2840 684 2874 autem
721 2835 799 2885 illi,
840 2850 1023 2890 quorum
1060 2836 1294 2876 sententias
1325 2838 1575 2878 examinare
1606 2838 1890 2893 suscipimus,
1924 2838 1978 2879 de
2006 2836 2255 2891 municipiis
2287 2837 2462 2891 potissi-

301 2925 432 2960 mum,
474 2925 585 2965 quae
623 2919 664 2951 et
704 2913 851 2965 qualia
889 2914 1050 2954 fuerint
1089 2915 1357 2969 temporibus
1395 2915 1561 2955 liberae
1590 2916 1653 2956 rei
1685 2916 1889 2972 publicae
1919 2915 2159 2957 Romanae:
2199 2928 2305 2968 ergo
2335 2914 2460 2954 nobis

304 3002 475 3041 quoque
506 2989 551 3029 in
581 2989 737 3029 iisdem
766 2989 926 3030 finibus
957 2991 1193 3031 subsistere
1223 2992 1385 3033 licebit.
1444 2991 1581 3034 Porro
1613 3006 1746 3046 quum
1776 2995 1821 3033 in
1850 2994 2100 3034 universum
2127 2991 2180 3032 de
2201 2991 2460 3046 municipio-

306 3076 401 3102 rum
431 3073 584 3106 natura
614 3074 655 3107 et
685 3068 856 3109 notione
887 3068 1012 3109 nobis
1042 3083 1156 3108 nunc
1188 3068 1488 3110 disserendum
1520 3071 1587 3118 sit,
1618 3071 1676 3110 in:
1694 3070 1961 3123 singulorum
1995 3060 2327 3122 municipiorum
2360 3085 2461 3112 con-

295 3137 518 3180 dicionem
549 3144 821 3199 diligentius'
833 3147 1050 3200 inquirere
1083 3147 1277 3187 consulto
1309 3145 1636 3188 abstinebimus.

553 3204 581 3236 f>
