2696 3450
1267 145 1326 190 15

417 303 601 361 Triplex
638 303 776 358 igitur
810 302 1034 344 ‘hominum
1070 314 1210 356 genus
1240 315 1269 342 a
1296 299 1430 341 Festo
1459 305 1502 341 et
1530 297 1672 340 Paulo
1703 298 1906 340 definitur
1935 302 2196 357 e'temporis
2226 302 2372 345 diver-

219 385 346 427 sitate
363 383 610 433 diversum,
639 394 824 436 eamque
854 380 909 422 ob
940 391 1140 422 caussam
1169 375 1295 420 nobis
1325 391 1500 432 quoque
1530 376 1586 418 ad
1605 377 1779 419 illorum
1801 378 2025 433 exemplar
2044 378 2376 422 discernendum

221 463 303 505 erit
314 479 320 498 2
340 461 452 503 inter
489 460 734 515 municipia
761 459 835 500 vel
873 458 1117 514 municipes
1152 456 1469 512 antiquissimi,
1505 455 1658 506 medii,
1695 449 1950 498 recentioris
1988 456 2098 497 aevi.
2162 456 2378 500 Nimirum

221 541 305 582 hac
343 540 389 581 in
424 554 472 580 re
508 539 638 595 plane
672 536 875 592 equidem
910 535 1068 578 Reinio
1107 534 1372 590 adstipulor,
1410 534 1486 588 qui
1524 534 1740 589 triplicem
1779 549 1804 575 e
1834 540 2028 589 tempore
2061 534 2379 577 distinctionem

220 619 345 667 facin
376 625 419 659 at
447 615 667 659 Rubinoni
697 622 846 657 contra
874 615 1132 663 visum-esu
1161 614 1199 654 is
1230 613 1345 653 enim
1374 613 1402 653 1.
1433 612 1461 653 l.
1495 614 1618 662 1847,
1650 626 1693 667 p.
1725 613 1806 652 686
1837 611 1982 653 Reinii
2013 613 2268 653 sententiam
2295 626 2381 655 non

223 693 340 738 omni
375 703 500 752 parte
529 692 1038 750 reprobavitsplurimis
1068 690 1510 745 tamen-argumentis
1547 690 1822 745 impugnavit
1853 691 2033 745 ejusque
2063 690 2380 733 distinctionem

224 775 367 817 multo.
388 772 647 829 arctioribus
677 771 888 812 limitibus
918 768 1360 811 circumscribendam
1390 782 1485 810 esse
1505 769 1794 809 existumavit.
1814 782 1818 789 “
1837 767 2057 809 Rubinoni
2078 769 2220 823 magis
2240 769 2384 824 placet

226 852 479 897 discrimina
515 850 790 904 singularum
826 847 1127 889 definitionum
1162 861 1249 888 non
1285 848 1343 888 in·
1365 847 1588 902 temporis,
1620 846 1698 887 sed
1734 847 1779 887 in
1816 847 1955 902 ipsius
1985 847 2050 887 rei
2081 845 2331 889 diversitate
2359 862 2384 888 e

225 937 380 972 natura
416 944 497 970 sua
534 929 726 970 versari.v
755 926 906 977 ‘Quod
945 932 1088 966 autem
1125 925 1197 966 hic
1234 926 1414 981 opponit
1450 924 1597 966 Reinii
1637 925 2034 980 interpretationem
2071 932 2174 966 tunc
2212 925 2386 987 demum

226 1009 392 1051 licitam
429 1008 538 1057 fore,
574 1007 611 1047 si
641 1007 686 1047 in
716 1005 981 1046 definitione¹
1006 1017 1086 1044 sua
1112 1002 1281 1044 'Paulus
1310 1003 1407 1045 loco
1437 1003 1679 1058 praesentis
1710 1002 1928 1053 ,‚dicitur“
1956 1003 2260 1059 imperfectum
2290 1002 2385 1054 ,‚di-

230 1087 437 1128 cebatur“
465 1085 697 1140 posuisset,
729 1082 924 1138 profecto
954 1081 1000 1122 id
1030 1081 1234 1136 cupidius
1265 1096 1396 1136 quam
1418 1081 1733 1122 consideratius
1765 1081 1927 1122 dictum
1949 1087 2030 1130 est3
2061 1081 2253 1136 loquitur
2272 1082 2387 1122 enim

227 1163 394 1206 Paulus
424 1163 480 1203 de
507 1162 633 1204 verbi
662 1158 1006 1216 „municipium“
1035 1160 1257 1201 intellectu
1285 1161 1331 1201 in
1353 1160 1619 1209 universum,
1648 1173 1730 1200 nec
1752 1159 1891 1201 solum
1911 1159 2100 1213 antiquis
2120 1158 2389 1214 temporibus

226 1242 316 1283 sed-
337 1242 467 1283 etiam
497 1239 627 1282 Pauli
657 1245 798 1280 aetate
812 1253 854 1279 a
883 1237 1182 1293 scriptoribus,
1214 1238 1289 1292 qui
1318 1238 1510 1293 priorem
1538 1236 1704 1279 Romae
1734 1237 1958 1278 historiam
1986 1243 2228 1287 narrarunt,
2258 1250 2389 1278 voca-

230 1320 382 1360 bulum
412 1317 564 1360 eodem
595 1331 726 1358 sensu
755 1315 873 1357 haud
902 1316 1034 1357 dubie
1063 1322 1322 1371 usurpatum
1351 1321 1429 1366 est,
1465 1316 1635 1356 etiamsi
1672 1315 1900 1370 paullatim
1938 1315 1984 1356 in
2013 1315 2143 1356 aliam
2173 1313 2389 1369 quandam

231 1396 564 1452 significationis
595 1395 786 1450 speciem
816 1393 1080 1443 transiisset;
1118 1394 1218 1448 quis
1248 1394 1363 1435 enim
1401 1394 1608 1434 audacter
1637 1392 1907 1435 contenderit
1934 1393 2034 1435 illos
2063 1394 2311 1449 primitivae
2341 1407 2392 1433 ac

232 1476 450 1531 genuinae
479 1473 814 1528 significationis
843 1472 973 1527 plane
1002 1472 1179 1526 ignaros
1209 1471 1375 1513 fuisse?
1421 1471 1704 1527 Quapropter
1733 1485 1833 1512 cum
1862 1469 2018 1513 Reinio
2049 1469 2188 1512 statuo
2209 1471 2394 1526 primam

231 1553 363 1595 Pauli
391 1552 685 1593 definitionem
715 1550 771 1590 ad
800 1550 1043 1605 municipes
1077 1550 1148 1591 vel
1165 1544 1168 1545 ⁷
1186 1550 1426 1605 municipia
1461 1550 1752 1604 antiquissimi
1796 1550 2022 1605 temporis,
2063 1549 2299 1591 secundam
2339 1549 2395 1589 ad

233 1630 471 1686 municipia
500 1629 601 1670 inde
631 1628 686 1669 ab
718 1642 828 1670 anno
858 1627 980 1669 urbis
1000 1629 1083 1669 416
1112 1629 1214 1680 (338
1235 1643 1274 1669 a.
1301 1626 1373 1681 C.)
1404 1643 1544 1683 usque
1575 1628 1631 1669 ad
1660 1628 1804 1682 legem
1824 1626 1990 1669 Juliam
2021 1642 2132 1670 anno
2160 1627 2283 1669 urbis
2313 1628 2396 1668 664

235 1713 311 1763 (90
332 1725 377 1752 a.
406 1707 655 1762 C.),latam‚
685 1708 855 1748 tertiam
875 1707 940 1748 'ad
971 1707 1209 1763 municipia
1237 1714 1336 1763 post
1365 1707 1496 1748 latam
1526 1707 1647 1748 illam
1677 1707 1820 1761 legem
1851 1707 2083 1762 pertinere.

435 1786 474 1828 E
504 1785 747 1828 Rubinonis
778 1786 991 1827 sententia
1019 1785 1162 1841 prima
1191 1785 1441 1827 definitione
1467 1785 1614 1840 agitur
1653 1784 1708 1826 de
1737 1784 1909 1826 civibus
1946 1785 2130 1826 aliarum
2161 1786 2397 1836 civitatum,

237 1862 322 1921 quil
341 1863 507 1907 Romae
546 1864 789 1919 municipes
828 1863 1010 1914 fuerint,
1049 1863 1242 1905 secunda
1278 1870 1319 1904 et
1348 1864 1475 1905 tertia
1505 1863 1754 1905 definitione
1784 1862 1838 1904 de
1870 1863 2041 1904 civibus
2069 1862 2292 1914 Romanis,
2323 1857 2398 1919 qui

237 1940 482 1999 municipes
512 1943 679 1983 vfuerint
716 1941 900 1982 aliorum
935 1940 1197 1996 oppidorum
1232 1947 1310 1982 aut
1345 1956 1516 1992 eorum,
1553 1955 1739 1996 quorum
1769 1941 1938 1982 incolae
1969 1941 2171 1997 adempta
2199 1942 2398 1984 libertate

237 2021 438 2064 universi*
462 2021 513 2061 in,
528 2020 760 2061 ‘civitatem
789 2017 1029 2060 Romanam
1059 2019 1320 2070 transierint,
1351 2026 1424 2061 aut
1452 2031 1618 2070 eorum,
1649 2020 1809 2073 quibus
1839 2019 2017 2061 libertas
2047 2021 2269 2061 etiamtum
2299 2036 2399 2076 per-

238 2100 373 2140 missa
410 2099 479 2138 sit.
537 2097 601 2138 At
631 2110 757 2145 vero,
796 2096 833 2136 si
870 2096 980 2151 ipsis
1017 2093 1148 2138 Pauli
1183 2098 1331 2140 verbis
1370 2099 1559 2152 aliquam
1597 2097 1727 2138 fidem
1767 2097 1928 2139 habere
1957 2098 2157 2148 velimus,
2187 2113 2273 2140 non
2303 2105 2401 2139 sunt

239 2177 442 2233 opposita
470 2181 520 2216 et
555 2172 785 2223 contraria,
821 2179 870 2214 ut
905 2172 1081 2216 Rubino
1117 2175 1267 2226 voluit,
1292 2176 1547 2231 vmunicipia
1576 2177 1707 2231 primi
1736 2176 1910 2230 generis
1941 2177 2191 2232 municipiis
2224 2177 2400 2218 alterius

241 2261 284 2295 et
312 2253 427 2294 tertii
457 2252 646 2306 generis,
681 2252 727 2294 id
758 2251 875 2306 quod
904 2251 1105 2307 pluribus
1134 2254 1403 2307 argumentis
1427 2255 1518 2308 jam
1553 2253 1889 2308 comprobarunt
1917 2253 2106 2295 Kienius
2137 2261 2179 2295 et
2206 2253 2401 2295 Reinius.

243 2330 487 2386 Aptissima
512 2328 588 2371 ille
616 2330 646 2371 l.
675 2329 704 2371 l.
733 2344 776 2385 p.
808 2330 890 2370 223
922 2329 976 2370 de
1004 2328 1135 2371 Pauli
1167 2330 1415 2373 definitione
1445 2332 1491 2372 in
1518 2331 1771 2372 universum
1808 2332 1986 2381 notavit,
2026 2333 2102 2386 qui
2131 2332 2270 2374 libero
2299 2347 2402 2374 nee-

245 2408 348 2449 dum
383 2413 702 2464 praeoccupato
739 2409 882 2450 animo
920 2408 1021 2450 loci·
1046 2404 1292 2450 contentum
1331 2409 1609 2451 considerare
1639 2409 1840 2458 voluerit,
1871 2424 1970 2450 eum
1999 2410 2172 2451 omnino
2203 2410 2403 2452 d'ubitare

247 2498 334 2528 non
363 2499 506 2541 posse,
537 2487 644 2540 quin
671 2491 757 2527 tres
780 2487 1050 2528 definitiones
1071 2489 1368 2537 communiter,
1399 2500 1484 2530 non
1509 2502 1597 2527 una
1617 2492 1795 2536 tantum,
1828 2487 2125 2529 condicionem
2145 2489 2404 2539 contineant,

249 2577 381 2618 quam
410 2564 651 2619 municipia
680 2564 758 2605 il-la
787 2578 886 2605 cum
915 2565 1092 2605 civitate
1121 2563 1317 2606 Romana
1347 2565 1521 2606 inierint
1550 2566 1707 2615 omnia,
1738 2566 1799 2606 ita
1827 2571 1876 2604 ut
1897 2564 1950 2605 de
1972 2565 2058 2605 alia
2079 2566 2254 2606 civitate
2275 2579 2405 2619 quam

246 2640 443 2684 Romana
477 2641 599 2682 nullo
627 2647 763 2697 ⁴pacto
803 2642 988 2696 cogitari
1026 2642 1195 2683 debeat.
1253 2642 1408 2697 Neque
1437 2643 1574 2685 ullum
1605 2657 1708 2683 sane
1739 2643 1783 2683 in
1813 2641 1943 2683 Pauli
1973 2642 2119 2683 verbis
2151 2643 2262 2684 inest
2292 2643 2405 2684 indi-

250 2719 386 2769 cium,
423 2718 540 2760 unde
578 2720 798 2774 pateat-in
827 2720 970 2775 prima
999 2719 1247 2763 definitione
1276 2721 1536 2762 verba-‘fieri
1566 2720 1621 2761 de
1651 2721 1986 2775 municipiorum
2016 2734 2193 2773 genere,
2225 2722 2297 2761 cui
2327 2735 2405 2775 op-

252 2796 395 2850 posita
419 2802 467 2837 et
488 2796 587 2837 fere
617 2792 837 2838 contrua-122
861 2797 946 2839 sint
963 2795 1064 2839 'duo
1092 2797 1414 2852 subsequentia.
1474 2798 1566 2849 Qui
1596 2797 1768 2838 tandem
1798 2796 1978 2846 Paulus,
2018 2798 2056 2837 si
2085 2797 2171 2837 tale
2202 2798 2307 2852 quid
2336 2811 2405 2837 re-

253 2886 358 2914 vera
386 2873 432 2913 in
461 2875 606 2915 auimo
635 2873 801 2924 habuit,
830 2870 1167 2929 plane-silentio
1190 2876 1532 2930 praetermiitere
1563 2875 1701 2929 potuit
1732 2874 1872 2928 primo
1901 2874 1996 2915 loco
2026 2874 2212 2928 intelligi
2235 2875 2406 2928 abipso

253 2957 295 2991 et
323 2949 630 3004 intelligendos
667 2964 764 2993 esse
803 2953 932 2993 etiam
965 2949 1074 2993 aliis·
1098 2953 1218 2993 cives
1249 2953 1432 2994 aliarum
1462 2952 1699 3001 civitatum,
1739 2951 1899 3004 quibus
1929 2965 2029 2991 cum
2057 2949 2196 2992 Roma
2224 2951 2407 2991 munici-

258 3027 382 3082 palis¹
400 3025 686 3069 intercederet
713 3029 844 3080 ratio,
869 3028 1061 3072 secundo
1090 3026 1146 3071 et>
1162 3031 1288 3072 tertio
1318 3030 1414 3072 loco
1443 3036 1593 3071 contra
1623 3029 1741 3070 cives
1763 3027 1994 3078 Romanos,
2025 3029 2101 3081 qui
2130 3029 2172 3068 in
2203 3027 2301 3067 aliis
2329 3041 2408 3083 op·-

261 3103 378 3158 pidis
394 3103 655 3162 fmunioipos
689 3105 902 3148 fuissent?
958 3105 1267 3161 Porro'quum
1302 3108 1414 3149 inter
1450 3107 1693 3162 municipes
1729 3106 1859 3161 primi
1890 3105 2064 3158 generis
2094 3111 2137 3144 et
2165 3105 2407 3160 municipes

263 3179 441 3224 alterius
477 3184 679 3239 tertiique
716 3185 891 3238 generis
927 3183 978 3227 id*
992 3198 1188 3241 quoque
1220 3186 1460 3235 interesset,
1500 3185 1616 3239 quod
1646 3185 1732 3225 illis
1756 3185 1829 3238 jus
1859 3182 2068 3223 honorum
2096 3181 2224 3224 modo
2253 3183 2299 3224 in
2330 3197 2409 3223 sua
