2696 3450
1204 132 1240 175 9

153 310 250 338 nem
281 288 632 337 incolac⁷=munici
638 287 808 342 piorum
831 286 1040 336 iniissent,
1066 299 1204 340 quum
1225 284 1270 325 in
1289 285 1510 326 civitatem
1529 283 1770 327 Romanam
1788 288 1954 342 recepti
1974 296 2132 340 essent,
2161 296 2306 331 tamen

153 377 190 416 si
210 375 370 416 minus
387 369 516 410 unius
547 365 735 408 civitatis
766 371 997 420 separatae
1032 378 1083 405 ac
1112 362 1291 413 liberae,
1331 369 1375 404 at
1403 370 1520 405 certe
1550 364 1680 404 unius
1710 362 1848 414 urbis,
1883 369 1931 404 ut
1961 371 2099 416 antea,
2130 367 2304 410 vinculo

149 459 197 493 et.
220 449 424 493 societate
466 446 597 486 inter:
619 458 666 486 se
710 442 1051 485 continebantur·-
1109 440 1212 482 Huc
1243 440 1442 494 accedit,
1470 441 1588 496 quod
1618 441 1824 483 etiamid
1854 447 2003 484 contra
2030 441 2304 485 Rubinonem

147 526 278 570 facile
318 524 462 565 evinci
492 510 645 578 potest·
663 521 782 562 cives
812 519 1045 570 Romanos,
1089 533 1198 573 quos
1228 534 1283 560 ex
1313 520 1564 575 municipiis
1594 520 1801 562 oriundos
1831 535 1931 563 esse
1960 526 2139 572 constat,
2174 523 2303 565 ,velut

144 604 401 646 Ciceronem
445 607 486 642 et
517 597 726 641 Catonem
755 604 798 640 et
840 598 996 640 multos
1026 598 1206 654 insuper
1236 597 1344 639 alios
1374 603 1553 653 propter
1583 599 1939 653 originem„non,
1968 605 2017 641 ut
2046 599 2121 640 ille
2150 599 2301 649 voluit,

143 687 321 738 propter
358 681 432 734 jus
476 677 696 732 quoddam
739 676 967 731 municipii
997 677 1041 717 in
1071 675 1214 731 patria
1242 667 1456 717 retentum
1485 677 1756 732 municipum
1784 678 1957 719 nomine
1986 676 2160 719 indutos
2191 690 2301 720 esse.

140 758 244 801 Jam
284 774 362 814 per
391 772 445 798 se,
468 757 544 798 vix
573 754 782 797 credibile
811 752 984 795 videtur
1012 753 1111 796 illos
1141 754 1258 796 viros
1289 768 1344 796 ea
1372 761 1537 796 tantum
1568 754 1842 806 condicione,
1888 756 1926 797 si
1962 756 2036 809 jus
2075 755 2304 813 municipii

141 836 188 878 i'n
215 837 357 892 patria
384 832 903 887 retinerensssnunicipes
935 837 977 872 et
1006 831 1144 873 dictos
1176 846 1273 873 esse
1303 838 1345 874 et
1373 833 1464 874 ‘di-oi
1494 833 1703 887 pot-uisse,
1735 847 1821 887 quo
1851 834 2023 875 nomine
2049 833 2301 888 frequenter

140 928 215 956 eos
260 912 483 967 designari
526 910 799 956 notissimum
828 915 906 960 est,
945 910 1021 964 qui
1051 910 1096 950 in
1124 911 1376 966 municipiis
1407 911 1488 953 orti
1519 916 1653 952 erant.
1711 909 1847 953 Recte
1877 912 2013 966 igitur
2044 909 2227 953 Reinius
2245 905 2302 952 'in

141 995 342 1034 censura.⁴
367 1005 470 1047 pag.
501 991 526 1030 2
570 994 778 1044 provocat
822 988 879 1030 ad
922 1002 1047 1029 usum
1094 989 1298 1030 vocabuli
1343 995 1386 1030 et
1414 995 1635 1030 memorat.
1653 989 1853 1031 similiter
1882 989 1970 1031 dici
2001 1003 2052 1031 ac
2081 989 2298 1039 ‚,tribulis,

139 1069 479 1126 popularier‘wet
510 1081 623 1121 quae
653 1066 738 1107 sint
766 1065 813 1106 id
841 1080 982 1119 genus
1013 1066 1120 1116 alia3
1152 1067 1365 1117 conferaS,
1397 1081 1574 1122 quaeso,
1620 1065 1715 1108 Cic.
1751 1067 1873 1108 Brut.-
1903 1081 1998 1122 cap.
2029 1068 2097 1116 70,
2128 1067 2160 1118 ξ.
2193 1068 2297 1108 246:

139 1147 241 1198 „Me
260 1145 491 1188 Pontidius
521 1145 747 1199 municeps
778 1147 976 1194 noster;“
1005 1159 1048 1200 p.
1078 1143 1135 1185 A.
1167 1142 1337 1187 Cluent.
1369 1160 1406 1186 c.
1440 1145 1506 1194 15,
1537 1145 1569 1197 ξ.
1600 1146 1676 1186 43:
1714 1145 1938 1200 „graviter
1967 1144 2013 1186 id
2043 1144 2299 1187 decuriones

137 1225 412 1267 Larinatium
442 1223 674 1276 cunctique
704 1221 946 1277 municipes
976 1222 1217 1272 tulerunt;“
1247 1222 1353 1263 ibid.
1385 1238 1421 1263 c.
1455 1225 1521 1272 16,
1551 1223 1584 1275 ξ.
1615 1225 1691 1264 46:
1722 1221 1804 1273 ‚‚C.
1835 1229 1878 1264 et
1906 1222 1960 1264 L.
1982 1222 2179 1266 Fabricii
2208 1222 2295 1263 fra-

135 1311 223 1345 tres
252 1301 522 1356 muni-cipum
566 1314 742 1340 suorum
775 1299 1117 1349 dissimillimi&
1161 1298 1292 1342 Caes.
1334 1299 1377 1340 b.
1409 1315 1445 1341 c.
1476 1299 1512 1350 I,
1534 1302 1617 1341 74:
1662 1315 1823 1356 „quem
1854 1302 2040 1356 quisque
2069 1301 2114 1342 in
2144 1301 2298 1343 castris

136 1387 285 1422 notum
315 1385 389 1420 aut
417 1377 685 1432 municipem
711 1377 914 1427 habebat,
945 1379 1162 1432 conquirit
1200 1383 1331 1432 atque
1361 1384 1514 1420 evocat
1524 1381 1566 1427 ;“
1610 1377 1711 1419 Liv.
1742 1377 1869 1429 VIII,
1902 1381 1976 1420 14:
2020 1378 2297 1430 „Lanuvinis

136 1458 289 1504 civitas
320 1457 421 1499 data
444 1464 661 1510 sacraque
692 1471 772 1498 sua
801 1455 972 1497 reddita
1002 1470 1101 1497 cum
1132 1470 1196 1506 eo,
1236 1463 1284 1497 ut
1318 1457 1452 1498 aedes
1483 1456 1697 1510 lucusque
1728 1454 1932 1512 Sospitae
1960 1454 2148 1498 Junonis
2179 1471 2296 1499 com-

135 1536 286 1579 munis.
306 1534 551 1576 Lanuvinis
581 1527 877 1589 municipibus
908 1547 1006 1590 cum
1037 1534 1200 1589 populo
1230 1533 1426 1576 Romano
1464 1537 1621 1576 esset.“
1680 1533 1813 1586 Quod
1843 1534 1898 1575 ad
1929 1532 2188 1577 Ciceronem
2216 1549 2296 1590 po-

136 1613 349 1655 tissimum
394 1613 557 1662 attinet,
602 1596 731 1667 quem
775 1611 948 1668 pietatis
987 1617 1030 1652 et
1058 1610 1235 1657 honoris
1266 1627 1422 1654 caussa
1451 1613 1496 1653 in
1526 1612 1669 1667 patria
1696 1612 1808 1653 urbe
1834 1613 1905 1666 jus
1935 1612 2163 1668 municipii
2192 1614 2297 1654 reti-

135 1691 292 1733 nuisse·
325 1689 500 1732 Rubino
543 1690 787 1739 existumat,
833 1689 939 1730 mihi
984 1688 1161 1743 quidem
1193 1705 1372 1746 prorsus
1416 1690 1675 1732 incredibile
1720 1690 1907 1740 videtur,
1951 1695 1999 1730 ut
2021 1691 2113 1745 jam
2142 1690 2297 1734 Reinio

134 1769 289 1810 visum
321 1774 399 1818 est,
443 1767 567 1809 illum
610 1774 788 1823 propter
816 1767 931 1809 exile
954 1767 1043 1820 jus,
1086 1782 1171 1809 non
1206 1776 1385 1824 propter
1414 1769 1630 1822 originem
1658 1769 1925 1823 municipem
1955 1774 2156 1809 vocatum
2187 1783 2296 1811 esse.

133 1846 236 1901 Ipse
266 1845 347 1887 hoc
378 1845 566 1886 sensisse
597 1845 769 1886 videtur
798 1844 973 1887 Rubino
1017 1845 1072 1886 cf.
1105 1852 1186 1887 act.
1217 1846 1368 1902 philol.
1402 1847 1525 1895 1847,
1571 1861 1614 1902 p.
1645 1848 1741 1888 687.
1772 1847 1854 1887 796
1886 1859 1980 1899 sqq.
1991 1860 2002 1894 ;
2048 1846 2166 1899 quod
2195 1861 2298 1890 vero
2342 1859 2347 1863 ’

134 1923 198 1965 ibi
227 1922 283 1965 ud
319 1921 577 1980 firmandam
622 1923 870 1978 opinionem
914 1938 1038 1969 suam
1079 1924 1272 1979 protulit,
1316 1924 1409 1964 fere
1452 1924 1562 1965 nihil
1592 1923 1649 1965 ad
1677 1938 1769 1965 rem
1799 1923 1928 1964 valet.
1989 1921 2092 1974 Quo
2123 1923 2298 1965 tandem

79 1998 81 2000 ,
129 1998 143 2011 ,-

125 2016 225 2055 Jure
270 2000 434 2041 ibidem
477 2000 664 2042 affirmat
706 2002 922 2043 neminem
960 2016 984 2042 e
1021 2001 1246 2045 veteribus
1287 2004 1585 2056 grammaticis
1616 2002 1687 2044 vel
1710 2003 1809 2056 jure
1839 1999 2049 2042 consultis
2079 2002 2297 2043 not-ionem

134 2079 257 2122 uerbi
301 2079 347 2120 in
384 2078 555 2132 origine
593 2078 824 2132 posuisse?
881 2077 1012 2121 Initio
1042 2079 1220 2134 quidem
1250 2095 1325 2122 eos
1356 2086 1522 2123 tantum
1551 2080 1796 2134 municipes
1826 2079 1965 2120 fuisse
1995 2084 2175 2128 constat,
2221 2080 2297 2133 qui

134 2173 188 2199 ex
218 2157 316 2199 aliis
347 2155 599 2199 civitatibus
629 2153 812 2197 Romam
841 2157 1074 2206 venissent,
1105 2157 1193 2198 sed·
1211 2157 1366 2200 horum
1396 2158 1525 2200 liberi
1554 2158 1672 2200 haud
1703 2156 1836 2198 dubie
1866 2162 1909 2196 et
1936 2155 2190 2205 incolarum,
2221 2157 2297 2210 qui

134 2237 181 2277 in
208 2233 459 2289 municipiis
491 2233 757 2283 habitabant,
788 2240 892 2275 natu
911 2241 969 2276 ,ut
991 2236 1059 2279 -ita
1089 2235 1234 2277 dicam
1255 2236 1498 2291 municipes
1520 2242 1643 2278 erant
1664 2241 1705 2276 et
1727 2234 2010 2283 vocabantur,
2041 2234 2102 2274 ita
2120 2241 2168 2274 ut
2188 2233 2296 2274 haec

134 2311 332 2354 condicio
362 2311 433 2352 vel
463 2311 626 2365 origini
654 2311 898 2353 deberetur.
955 2311 1055 2356 Hoc
1085 2327 1188 2354 vere
1218 2329 1244 2355 a
1272 2314 1399 2356 nobis
1431 2314 1596 2356 dictum
1625 2327 1722 2354 esse
1744 2312 1999 2353 confirmant
2018 2311 2140 2353 Festi
2161 2310 2297 2352 verba

134 2403 168 2430 s.
198 2403 260 2430 v.·.
290 2387 554 2444 „Municeps
585 2396 662 2439 est,
693 2395 740 2430 ut
769 2390 828 2451 ait
857 2388 1015 2431 Aelius
1053 2389 1223 2440 Gallus,
1269 2392 1345 2446 qui
1388 2392 1434 2433 in
1478 2391 1716 2446 municipio
1754 2389 1867 2430 liber
1896 2394 2022 2430 natus
2053 2390 2160 2428 est.“
2217 2386 2297 2429 Sat

135 2466 362 2509 manifesto
379 2467 653 2522 *igi-turipse
684 2466 842 2510 Festus
872 2468 1129 2510 adversatur
1157 2467 1392 2511 Rubinoni.

334 2541 592 2585 Ciceronem
629 2552 773 2586 autem
811 2546 1026 2600 originem
1064 2561 1187 2588 suam
1224 2547 1332 2588 locis
1363 2546 1648 2601 sequentibus
1679 2546 1724 2586 in
1755 2545 1899 2586 animo
1929 2542 2137 2584 habuisse
2168 2557 2293 2584 nemo

135 2637 239 2665 sane
267 2621 461 2675 negabit.
519 2621 597 2664 Ait
624 2621 740 2664 Phil.
761 2622 846 2673 ΙΙΙ,
873 2638 909 2665 c.
932 2626 972 2674 6,
1002 2625 1034 2676 ξ.
1059 2625 1131 2666 15:
1162 2623 1363 2675 „Videte,
1386 2639 1516 2679 quam
1537 2623 1833 2679 despiciamur
1853 2635 2016 2671 omnes,
2048 2621 2123 2675 qui
2144 2634 2293 2662 sumus

136 2716 160 2740 e
190 2699 454 2754 municipiis,
485 2699 512 2740 i.
543 2711 759 2743 e.·omnes
789 2700 970 2755 plane;“
1013 2715 1056 2756 p.
1087 2701 1198 2743 Suu.
1231 2718 1267 2744 c.
1299 2704 1338 2752 7,
1369 2703 1402 2754 ξ.
1433 2703 1510 2744 23:
1555 2700 1683 2752 „Hoc
1713 2700 1825 2754 dico,
1856 2699 2009 2752 inquit,
2040 2704 2082 2738 te
2112 2711 2210 2738 esse
2239 2712 2294 2738 ex

137 2777 387 2831 municipio.
445 2775 606 2820 Fateor
634 2783 678 2818 et
707 2777 819 2820 addo
849 2778 994 2828 etiam,
1025 2793 1079 2820 ex
1108 2793 1159 2821 eo
1189 2780 1441 2835 municipio,
1471 2779 1586 2820 unde
1604 2779 1772 2820 .iterum
1795 2778 1886 2830 jam
1918 2775 2036 2816 salus
2066 2773 2169 2815 huic
2193 2774 2294 2815 urbi

136 2853 406 2909 imperioque
428 2854 570 2896 ,missa
600 2859 676 2895 est.
736 2854 826 2896 Sed
856 2855 968 2898 seire
998 2871 1053 2897 ex
1082 2863 1125 2897 te
1153 2857 1379 2911 pervelim,
1423 2871 1554 2911 quam
1584 2854 1639 2897 ob
1674 2869 1780 2903 rem,
1823 2854 1898 2908 qui
1942 2867 1996 2894 ex
2040 2852 2290 2906 municipiis

136 2932 324 2981 veniant,
369 2932 591 2986 peregrini
631 2931 713 2972 tibi
757 2943 855 2974 esse
895 2932 1184 2974 videantur?“
1243 2932 1502 2975 Convicium
1546 2932 1684 2987 igitur
1710 2931 1959 2985 ·municipis
1986 2935 2039 2974 „et
2069 2928 2290 2984 peregrini

138 3009 431 3065 appellatione
471 3009 556 3063 ipsi
594 3008 853 3065 adspersum
892 3007 1063 3061 Cicero,
1101 3011 1266 3066 quippe
1295 3010 1521 3065 municeps
1551 3008 1759 3064 Arpinas,
1790 3009 1850 3048 ita
1878 3007 2030 3060 rejicit,
2060 3012 2107 3045 ut
2137 3004 2290 3046 doceat

136 3087 372 3142 permultos
403 3087 521 3126 cives
552 3099 576 3126 e
606 3087 856 3143 municipiis
887 3093 1001 3129 ortos
1031 3101 1127 3129 esse
1157 3088 1319 3144 optime
1350 3087 1404 3128 de
1432 3101 1480 3128 re
1510 3086 1690 3143 publica
1709 3084 1905 3138 Romana¹
1925 3082 2112 3123 meritos.
2155 3079 2287 3135 Hinc,

137 3163 303 3218 opinor,
332 3163 498 3219 liquido
529 3169 709 3218 apparet
739 3178 824 3206 non
853 3164 907 3207 ob
931 3165 1005 3219 jus
1036 3164 1255 3220 quoddam
1274 3164 1501 3220 municipii
1520 3170 1747 3213 retentum,
1777 3159 1854 3203 sed
1874 3164 2053 3214 propter
2071 3155 2287 3214 originem

1965 3237 1990 3277 2
