2696 3450
1304 115 1361 158 u

255 273 321 315 rei
364 271 611 314 saturnulta
650 275 820 312 exstant
848 271 895 311 in
925 274 1118 311 veterum
1148 269 1323 325 scriptis
1353 270 1610 311 testimonia.
1668 268 1954 326 Ait-Ulpian.
1984 272 2013 312 l.
2045 274 2083 324 1,
2127 275 2160 327 §.
2193 275 2230 316 1.
2261 275 2321 318 D.
2350 277 2408 319 ad

256 353 414 393 munic.
443 351 535 401 (50,
567 351 648 403 1.):
671 352 673 354 ’
693 348 902 405 „proprio
931 349 1174 404 municipes
1219 347 1495 404 appellantur
1523 348 1715 389 muneris
1740 348 1998 404 participes,
2033 354 2199 407 recepti
2222 354 2274 395 in
2302 355 2412 397 civi·

255 437 400 479 tatem,
443 435 491 470 ut
536 442 717 469 munera
757 427 985 469 nobiscum
1027 427 1263 470 facerent.“
1319 425 1473 468 Nonne
1518 425 1601 467 hac
1631 425 1813 482 Ulpiani
1857 425 2107 469 definitione
2137 431 2414 474 confirmatur

255 507 512 562 municipes,
542 506 713 547 etiamsi
740 518 827 547 non
856 505 976 546 cives
1005 511 1150 546 essent
1178 504 1298 560 pleni
1327 511 1370 546 et
1398 504 1587 546 absoluti
1610 505 1738 557 juris,
1775 504 1821 545 in
1848 505 2101 546 universum
2130 511 2274 549 tamen
2303 511 2412 552 civi-

252 586 336 627 bus
367 585 642 627 adnumerari
672 584 982 626 consuevisse?
1038 582 1117 625 Ait
1136 600 1138 602 ·
1159 584 1275 625 enim
1312 583 1388 624 ille
1416 589 1616 638 receptos
1646 597 1720 624 eos
1749 582 1888 624 fuisse
1917 583 1963 624 in
1992 583 2234 635 civitatem3
2280 600 2413 642 quae-

250 665 363 705 ritur
406 663 554 718 igitur,
599 662 706 717 quid
749 663 807 703 sit
843 663 1012 703 civitas.
1070 659 1312 703 Verissime
1342 667 1486 702 autem
1515 661 1626 702 illud
1656 676 1682 702 a
1709 660 1872 703 Kienio
1902 660 2066 702 dictum
2097 669 2140 704 et
2168 665 2413 720 expositum

253 749 319 783 est
348 749 430 784 act.
461 741 610 797 philol.
639 741 668 782 l.
698 741 726 782 l.
757 755 800 797 p.
831 742 916 782 224
943 740 1077 794 sqq.<;'
1104 728 1215 780 niHil
1259 739 1381 781 aliud
1424 754 1522 781 esse
1559 740 1780 782 civitatem
1816 740 1902 782 nisi
1938 746 2076 782 totum
2105 741 2267 784 civium
2296 757 2415 785 com-

250 820 448 876 plexum3
480 819 616 874 igitur
646 819 722 873 qui
751 819 797 860 in
826 818 1048 859 civitatem
1076 818 1300 874 recipitur,
1337 819 1376 859 is
1413 819 1661 860 necessario
1691 818 1863 860 civibus
1893 818 2168 860 adscribitur.
2227 820 2416 878 Insuper

254 898 334 941 hoc
365 911 539 953 quoque
569 903 685 939 certe
715 890 863 951 aliqua
906 911 1009 937 cum
1037 896 1420 938 verisimilitudine
1463 897 1565 938 inde
1610 897 1948 952 colligi-poterit
1976 898 2220 953 municipes
2250 907 2416 942 tantum

250 976 429 1028 Romae,
459 990 545 1027 non
573 976 620 1015 in
648 975 734 1016 alia
763 974 872 1016 urbe
901 975 1052 1025 fuisse,
1083 974 1245 1016 diserte
1274 976 1390 1016 enim
1419 974 1638 1031 Ulpianus
1667 976 1832 1016 notavit
1861 975 2162 1026 „nobiscum,“
2191 977 2254 1018 ita
2280 984 2330 1019 ut
2359 978 2414 1020 de

251 1055 350 1097 aliis
386 1069 446 1096 ¹ac
473 1054 682 1097 Romanis
727 1052 1022 1108 municipibus
1052 1053 1114 1095 nil
1143 1054 1317 1096 omnino
1362 1055 1546 1096 scivisse
1575 1053 1787 1095 videatur.
1846 1052 1963 1094 Num
1992 1054 2203 1096 credibile
2232 1061 2299 1096 est
2326 1055 2411 1098 Ul-

251 1134 442 1190 pianum,
473 1146 603 1187 quem
631 1137 775 1173 tamen
803 1131 958 1173 harum
986 1145 1131 1172 rerum
1160 1132 1232 1173 vel
1259 1132 1573 1188 'peritissimum
1616 1132 1753 1173 fuisse
1796 1146 1922 1174 nemo
1951 1133 2145 1187 negabit,
2188 1134 2408 1177 notionem

248 1212 371 1254 illam
399 1217 486 1252 tam
517 1210 647 1252 arctis
676 1210 887 1251 limitibus
918 1210 1348 1266 circumscriptum‘m
1374 1210 1527 1260 fuisse,
1558 1211 1595 1252 si
1625 1211 1754 1253 latius
1785 1211 2026 1266 patuisset?
2075 1210 2199 1253 Idem
2228 1226 2283 1253 ex
2312 1213 2411 1255 aliis

248 1303 424 1346 quoque
454 1290 712 1345 scriptorum
742 1287 1035 1330 Romanorum
1063 1288 1173 1330 locis
1202 1296 1334 1344 patet,
1380 1289 1434 1330 de
1465 1290 1625 1344 quibus
1663 1290 1755 1344 jam
1785 1289 2036 1344 loquemur,
2080 1290 2411 1345 rectissimeque

245 1371 338 1424 jam
367 1383 393 1410 a
420 1368 582 1410 Kienio
611 1367 658 1407 in
685 1367 772 1407 fine
801 1366 1133 1421 disquisitionis,
1162 1367 1241 1407 ubi
1273 1381 1385 1422 quae
1415 1373 1504 1409 tota
1530 1368 1824 1424 disputatione
1855 1368 2057 1409 evincere
2087 1369 2266 1419 studuit,
2309 1369 2411 1410 bre-

251 1447 365 1488 viter
407 1461 459 1488 ac
502 1446 748 1488 summatim
779 1445 1094 1500 complectitur,
1124 1444 1152 1485 l.
1183 1445 1211 1486 l.
1242 1459 1284 1500 p.
1316 1448 1398 1486 236
1430 1460 1464 1487 s.
1493 1461 1535 1487 n.
1566 1447 1594 1488 3
1638 1447 1801 1488 dictum
1832 1454 1898 1488 est
1925 1447 1971 1487 in
2001 1446 2326 1488 definitionibus
2357 1446 2412 1488 de

238 1524 457 1568 ‘Romanis
488 1530 653 1565 tantum
683 1523 942 1583 municipiis*
963 1520 1262 1578 Romanisque
1291 1524 1588 1580 municipibus
1620 1526 1708 1580 agi.

449 1602 548 1644 Hoc
579 1617 711 1657 quam
739 1616 844 1643 vere
874 1601 1038 1643 dictum
1067 1602 1137 1652 sit,
1182 1602 1324 1656 magis
1371 1603 1500 1644 etiam
1536 1618 1561 1644 e
1592 1601 1878 1658 sequentibus
1905 1603 2209 1658 perspicietur.
2267 1602 2412 1646 Acce-

248 1680 394 1724 dimus
423 1696 539 1723 nunc
569 1681 626 1722 ad
653 1680 777 1722 Festi
807 1679 1100 1722 definitionem
1130 1694 1164 1721 s.
1196 1695 1236 1721 v.
1267 1681 1553 1738 „municeps“
1597 1696 1699 1738 pag.
1732 1683 1812 1722 142
1845 1681 1913 1722 ed.
1942 1680 2118 1722 Muele
2163 1681 2409 1731 „Servilius

249 1761 394 1815 ajebat
422 1761 545 1801 initio
574 1759 724 1809 fuisse,
755 1759 831 1813 qui
861 1773 919 1799 ea
943 1757 1198 1799 condicione
1229 1759 1348 1800 cives
1375 1753 1560 1801 Romani
1589 1761 1788 1810 fuissent,
1819 1766 1867 1800 ut
1897 1774 2070 1815 semper
2097 1759 2413 1814 rempublicam

250 1839 485 1894 separatim
529 1853 556 1879 a
597 1837 762 1894 populo
805 1835 1001 1879 Romano
1031 1836 1254 1887 haberent,
1299 1836 1534 1888 Cumanos,
1580 1839 1841 1887 Acerranos,
1878 1836 2120 1886 Atellanos,
2159 1838 2235 1891 qui
2275 1852 2414 1893 aeque

253 1917 372 1958 cives
401 1915 587 1958 Romani
616 1921 739 1957 erant
767 1921 810 1956 et
839 1915 884 1955 in
913 1915 1088 1968 legione
1117 1915 1353 1966 merebant,
1385 1916 1463 1957 sed
1485 1916 1719 1971 dignitates
1740 1931 1825 1957 non
1845 1915 2122 1971 capiebant.“
2166 1914 2285 1956 Hinc
2306 1930 2414 1970 quo-

252 2006 339 2048 que
367 1994 627 2049 intelligitur
655 1994 898 2049 municipes
927 2007 1083 2049 reapse
1112 1994 1249 2035 fuisse
1281 1994 1399 2036 cives
1428 1994 1648 2037 Romanos
1685 1995 1787 2036 licet
1825 1993 2080 2036 condicione
2112 1994 2303 2048 quadam
2335 1994 2412 2035 ad—

250 2060 436 2113 strictos.
493 2071 586 2113 Nec
615 2071 890 2115 Rubinonem
919 2071 1143 2128 praeteriit
1172 2069 1476 2127 argumentum
1504 2074 1550 2115 in
1580 2073 1663 2115 hoc
1692 2074 1789 2115 loco
1819 2074 1963 2113 inesse
1989 2078 2138 2114 contra
2157 2073 2298 2128 ipsius
2318 2071 2413 2127 pla-

251 2151 399 2202 citum,
430 2150 548 2206 quod
577 2157 721 2192 autem
752 2151 806 2192 de
818 2150 1015 2212 ‚Servilii
1044 2150 1191 2191 verbis
1222 2151 1386 2206 passim
1417 2158 1498 2194 act.
1528 2152 1635 2207 phil.
1669 2154 1790 2193 1844.
1822 2165 1865 2206 p.
1891 2152 1973 2192 988
1995 2165 2081 2205 sq.;
2114 2152 2237 2191 1847.
2269 2165 2311 2205 p.
2334 2150 2414 2190 802

253 2235 297 2270 et
325 2244 368 2284 p.
396 2231 477 2270 977
509 2229 565 2270 ad
595 2229 898 2270 stabiliendam
929 2243 1052 2270 suam
1083 2231 1337 2293 sententiam
1368 2230 1621 2287 disputavit,
1652 2231 1759 2271 mihi
1790 2230 1968 2285 quidem
1996 2229 2089 2270 fere
2117 2229 2228 2270 nihil
2249 2228 2304 2269 ad
2323 2241 2416 2269 rem

255 2306 402 2348 facere
429 2306 616 2348 videtur.

402 2422 404 2426 .
456 2385 594 2428 Porro
625 2385 1001 2428 animadversione
1031 2385 1192 2440 dignus
1223 2394 1288 2428 est
1317 2387 1440 2430 locus
1472 2403 1541 2444 ap.
1573 2387 1806 2430 Scholiast.
1837 2384 1972 2441 Cruq.
2006 2385 2061 2426 ad
2089 2383 2197 2426 Hor.
2230 2398 2298 2440 ep.
2317 2382 2354 2434 1,
2375 2385 2416 2434 6,

251 2464 331 2504 62:
362 2461 587 2513 „Caerites
618 2465 794 2506 civitate
824 2463 971 2506 donati
1009 2472 1109 2506 sunt
1146 2466 1478 2522 municipesque
1513 2466 1661 2508 facti.“
1719 2465 1959 2521 Perperam
1989 2463 2163 2506 Rubino
2195 2469 2277 2505 act.
2307 2462 2415 2518 phil.

259 2542 380 2582 1844.
410 2556 452 2597 p.
483 2543 578 2583 879.
609 2543 691 2583 883
722 2556 816 2597 sqq.
848 2543 909 2583 ait
937 2543 1215 2593 „civitatem-‘⁴
1246 2544 1302 2585 ad
1329 2543 1513 2586 Romam
1543 2545 1774 2600 pertinere,
1806 2543 2171 2598 significationem
2201 2542 2416 2593 „munici-

257 2623 364 2677 pes“
395 2619 451 2661 ad
479 2618 632 2661 Caere.
661 2619 827 2675 Ecquis
858 2621 943 2663 sibi
973 2628 1146 2678 praeter
1175 2622 1296 2663 illum
1328 2623 1611 2679 persuadebit
1631 2622 1908 2664 Scholiasten
1927 2622 2000 2663 hic
2021 2621 2075 2663 de
2097 2619 2271 2663 Caerite
2291 2620 2415 2671 urbe,

259 2713 344 2741 non
387 2699 441 2740 de
480 2697 619 2741 Roma
661 2700 905 2754 cogitasse?
961 2699 1166 2742 Profecto
1195 2701 1271 2754 qui
1301 2701 1416 2743 hunc
1446 2701 1590 2742 locum
1621 2701 1765 2756 animo
1794 2701 1933 2742 libero
1963 2699 2148 2740 necdum
2178 2713 2416 2754 praeoccu-

262 2783 362 2832 pato
392 2776 743 2828 consideraverit,
774 2792 874 2820 mox
903 2779 1142 2836 perspiciet
1169 2779 1224 2821 ob
1255 2778 1300 2820 id
1330 2780 1474 2835 ipsum
1498 2779 1663 2822 Romae
1693 2779 1935 2834 municipes
1955 2777 2093 2818 factos
2115 2791 2211 2818 esse
2232 2792 2256 2818 e
2277 2776 2415 2819 Scho-

258 2854 412 2896 liastae
441 2855 650 2897 sententia
678 2852 890 2906 Caerites,
919 2856 1036 2910 quod
1065 2857 1240 2899 civitate
1271 2857 1417 2898 donati
1447 2863 1557 2898 sunt.
1615 2856 1778 2898 Iterum
1808 2862 1959 2912 postea
1987 2853 2161 2896 Rubino
2197 2861 2277 2896 act.
2308 2853 2414 2908 phil.

261 2933 383 2974 1847.
413 2947 456 2989 p.
487 2934 569 2974 803
598 2933 653 2975 ab
684 2933 766 2975 hoc
795 2940 1051 2989 argumento
1073 2934 1166 2988 jam
1197 2948 1224 2976 a
1250 2933 1406 2977 Reinio
1435 2935 1566 2976 allato
1597 2948 1644 2975 se
1671 2933 1897 2976 vindicare
1917 2939 2094 2975 conatus
2115 2939 2193 2982 est,
2223 2930 2299 2972 sed
2320 2945 2416 2973 meo

257 3009 438 3063 quidem
458 3011 629 3066 judicio
659 3026 757 3053 cum
785 3011 900 3054 malo
931 3026 1172 3063 successu3,
1201 3027 1302 3054 nam
1347 3012 1464 3068 quod
1499 3012 1562 3054 ibi
1592 3011 1699 3054 dicit
1728 3013 2022 3053 accessionem
2051 3011 2172 3051 illam
2201 3010 2415 3059 „munici-

261 3098 429 3142 pesque
456 3089 590 3131 facti“
633 3090 694 3131 ita
736 3091 866 3145 plane
909 3090 1174 3147 superfluam
1216 3090 1312 3133 fore
1342 3091 1546 3147 cupidius
1594 3104 1726 3147 quam
1763 3090 1911 3132 verius
1941 3088 2106 3130 dictum
2134 3094 2220 3138 est;
2264 3101 2414 3130 omnes

263 3162 378 3205 enim
405 3177 572 3219 nomm,
603 3181 733 3224 quam
764 3168 996 3223 diligentes
1026 3171 1111 3212 sint
1140 3169 1374 3225 scriptores
1398 3167 1584 3213 Romani
1610 3169 1658 3211 in
1677 3166 1971 3225 exprimendis
1991 3166 2046 3208 iis
2068 3164 2412 3217 condicionibus,

2089 3245 2145 3286 2*
