2696 3450
372 294 524 322 manae
555 274 949 334 investigatoribus*
972 274 1318 320 statuit-'nomen
1334 276 1625 334 ,*‚municeps“›
1650 276 1913 334 procedente
1942 275 2289 338 tempsi-eanum
2311 285 2537 340 accepisse

372 357 662 406 intellectum3
699 355 886 412 primum
921 354 1040 397 ve'nim
1071 353 1138 397 in‘
1158 355 1324 398 incolas
1362 357 1538 398 urbium
1576 356 1822 406 Italarum,··‘
1839 357 2008 411 quibus,
2033 359 2195 402 civitas·
2217 359 2425 404 Romana-
2442 362 2539 412 sine

371 436 607 491 suffragio,-
630 441 895 491 postremum
926 436 1056 476 etiam
1085 432 1133 476 in·
1160 449 1248 485 eos,
1281 435 1441 490 quibus
1473 436 1626 478 civitas
1658 450 1757 477 cum
1782 430 2002 491 ‘Suffragio
2034 434 2289 490 dataTessetf,
2318 437 2366 481 iil
2395 447 2537 490 trams-

371 515 488 555 iisse.
511 510 806 555 *Rectissime
837 510 905 555 ait‘
925 527 1082 554 nomen
1100 514 1358 568 ‘municipis,
1391 514 1433 554 si
1459 510 1694 568 genuinam
1726 528 1776 554 ac
1806 510 2071 569 primitivam
2101 516 2224 558 vocis
2242 516 2330 558 vim
2350 519 2537 559 retinere

372 592 496 641 velis,
527 588 688 633 nonin
717 603 800 633 eos·
823 588 1075 646 quadrasse,
1108 590 1269 645 quibus
1299 591 1477 647 plenum
1507 597 1551 632 et
1581 591 1830 633 absolutum
1848 593 2048 637 civitatis
2071 594 2144 647 jus
2176 592 2537 649 impertitumaesit,

374 668 453 712 sed
482 670 537 712 ob
568 664 786 712 defectum
816 669 1148 723 significationis
1179 668 1239 710 adr
1263 664 1423 711 novam
1440 670 1745 712 ¹condicionem
1767 663 2098 724 significandam
2118 671 2301 714 idoneae
2320 671 2537 715 Romanos

372 747 612 794 obsoletam
648 748 699 790 ac
736 746 1003 795 reconditam
1039 760 1191 788 vocem
1228 760 1505 804 usurpasse,¹
1530 747 1661 805 plane
1699 747 1882 790 eandem
1919 763 2016 789 esse
2052 751 2263 792 rationem
2286 750 2537 793 :verborum

373 821 614 878 {,Quiri'tes,
652 825 866 881 Populus,
904 823 1054 875 Plebs,
1090 819 1323 866 Latinus.‘'‘
1381 824 1435 868 Id
1469 841 1717 882 repugnare
1755 824 1957 882 epinatur
1985 825 2158 870 Rubino
2189 827 2456 875 constantiae
2486 842 2537 870 wc

372 904 653 961 perpetuitati
679 902 1102 946 >indolis'Romanae-
1123 904 1168 944 in
1198 904 1472 959 explicandis
1511 911 1553 946 et
1583 901 1841 947 excolendis
1869 906 2098 956 institutis,¹
2132 918 2253 961 quae
2274 907 2537 962 adrempu-

373 979 534 1024 blicam
563 982 847 1037 pertinerent;
878 970 1058 1036 prorsus
1087 995 1193 1023 vero
1223 982 1427 1036 equidem
1457 985 1670 1025 assentior
1698 982 1868 1034 Reinio,
1898 983 1977 1039 pui
2006 980 2250 1025 Rubinonis
2279 985 2535 1026 sententiam

372 1060 625 1116 reprobavit
662 1058 716 1100 ab
754 1060 936 1115 ejusque
974 1060 1214 1100 immatura
1246 1060 1564 1115 vituperatione
1600 1059 1834 1102 Niebuhr-ii
1880 1061 2044 1102 dictum
2080 1061 2333 1104 vindicavit.
2393 1062 2538 1114 Quem

371 1139 488 1180 enim
520 1138 646 1193 *fugit
686 1132 819 1179 'voces
863 1138 976 1188 illas,
1022 1135 1131 1192 quas
1170 1137 1440 1180 Niebuhrius
1478 1139 1632 1190 attulit,
1673 1139 1759 1181 alio
1798 1146 1992 1196 tempore
2024 1139 2391 1182 aliam'habuisse
2419 1141 2538 1191 vim?

372 1216 737 1271 Quotusquisque
780 1217 1010 1272 reperitur,
1055 1214 1134 1270 qui
1160 1211 1327 1258 nesciat
1354 1212 1514 1258 'multas
1543 1217 1654 1258 alias
1685 1218 1777 1271 ejus
1807 1214 1982 1272 generis
2014 1232 2143 1259 voces
2174 1219 2345 1259 sensim·
2364 1220 2538 1275 penitus

370 1308 494 1335 suam
530 1294 748 1336 notionem
786 1297 1006 1337 mutasse?
1063 1293 1217 1336 Nonne
1257 1296 1332 1350 qui
1370 1295 1416 1336 id
1443 1291 1587 1349 'negat
1621 1309 1792 1336 omnem
1830 1310 2114 1351 progressum
2151 1310 2409 1352 omnemque
2437 1310 2539 1352 per-

368 1373 603 1414 fectionem
641 1389 694 1415 ex
733 1373 915 1415 historia
951 1372 1150 1415 Romana
1186 1373 1325 1415 tollit?
1385 1373 1535 1425 Quum
1575 1373 1713 1428 igitur
1750 1373 1796 1414 in
1829 1373 2083 1415 universum
2113 1374 2222 1416 haec
2251 1389 2322 1416 res
2352 1375 2414 1416 ita
2442 1378 2539 1417 sese

368 1443 549 1501 habeat,
595 1466 674 1493 cur
712 1451 768 1493 de
803 1447 1042 1508 municipio
1082 1451 1199 1492 idem
1222 1458 1304 1493 'aut
1332 1452 1496 1493 factum
1526 1466 1623 1494 esse
1661 1459 1735 1493 aut
1763 1452 1859 1493 fieri
1889 1452 2085 1508 potuisse
2114 1454 2364 1504 infidemur,
2407 1453 2539 1510 plane

368 1528 489 1570 nulla
514 1530 623 1571 satis
653 1530 896 1586 probabilis
926 1545 1084 1572 caussa
1115 1531 1356 1585 excogitari
1386 1536 1542 1586 potest.
1607 1529 1859 1571 Defendere
1890 1530 2069 1585 quidem
2099 1532 2426 1574 et-confirmare
2471 1531 2538 1573 di-

370 1613 487 1649 ctum
519 1622 646 1649 suum
684 1615 862 1650 conatus
901 1615 966 1650 est
994 1608 1172 1651 Rubino
1202 1615 1289 1652 act„
1314 1608 1466 1664 philol.
1499 1609 1620 1650 1847.
1652 1623 1694 1664 p.
1727 1610 1809 1650 798
1840 1622 1939 1664 sq.;-
1974 1608 2053 1650 sed
2081 1609 2190 1651 nihil
2218 1610 2265 1651 in
2293 1609 2361 1651 his
2391 1610 2539 1652 verbis

368 1687 555 1741 reperio,
585 1686 702 1727 unde
732 1692 849 1727 recte
880 1701 980 1728 eum
1010 1689 1213 1729 statuisse
1245 1688 1405 1728 clarius
1437 1692 1658 1742 appareat.

574 1762 712 1806 Porro
741 1779 868 1806 nemo
898 1765 1028 1806 facile
1060 1780 1158 1806 eum
1187 1764 1420 1807 Rubinone
1452 1764 1712 1806 contendere
1753 1766 1866 1806 ausit
1894 1780 2116 1822 nunquam
2147 1774 2221 1808 aut
2250 1767 2539 1821 factumvesse

366 1846 442 1882 'aut
471 1842 566 1883 fieri
596 1842 804 1898 potuisse,
834 1849 882 1884 ut
913 1843 1029 1884 idem
1058 1845 1105 1885 in
1134 1843 1287 1885 eadem
1318 1843 1494 1884 civitate
1526 1843 1635 1885 civis
1667 1857 1755 1884 una
1775 1848 1818 1883 et
1838 1844 2066 1900 municeps
2090 1845 2413 1901 appellaretur(
2449 1845 2539 1897 Qui

369 1919 544 1961 tandem
574 1920 737 1962 factum
768 1936 864 1963 esse
895 1922 1184 1973 censebimus,
1215 1928 1264 1963 ut
1293 1928 1380 1963 tam
1410 1921 1550 1972 multi,
1583 1935 1691 1976 quos
1711 1919 1877 1964 Romae
1907 1923 2038 1978 pleno
2061 1924 2163 1977 jure
2194 1924 2315 1967 civili
2336 1924 2538 1965 summis-

360 2007 451 2050 ¹que
482 1997 718 2050 honoribus
748 2010 853 2042 usos
882 2015 979 2042 esse
1010 1996 1185 2051 scimus,
1216 2007 1360 2042 tamen
1389 2000 1633 2055 municipes
1664 2001 1952 2042 vocarentur?
2000 1999 2252 2056 Respondet
2282 2001 2539 2052 ille2‘„mu-

364 2076 534 2131 nicipes
564 2077 629 2118 illi
658 2078 834 2119 fuerunt
862 2072 948 2121 non
976 2077 1155 2130 Romae,
1184 2079 1262 2121 sed
1292 2080 1337 2121 in
1368 2078 1466 2120 alia*
1483 2078 1606 2119 urbe.
1665 2077 1883 2134 Exempla
1922 2079 2237 2129 transeantur,
2261 2092 2363 2120 mox
2397 2092 2536 2134 appa-

363 2153 477 2194 rebit
507 2155 716 2209 ejusmodi
750 2156 945 2199 homines
974 2172 1197 2212 nunquam
1234 2157 1478 2212 municipes
1508 2155 1726 2199 Romanos
1767 2156 1839 2198 vel
1868 2156 1991 2198 urbis
2020 2154 2186 2198 Romae
2216 2163 2392 2199 vocatos
2423 2171 2537 2206 esse,

366 2231 443 2273 sed
475 2247 646 2289 semper
675 2236 947 2292 „municipes
979 2235 1268 2286 Tusculanos,
1299 2234 1547 2286 Amerinos‚
1572 2235 1904 2285 Surrentinos;“
1935 2241 2083 2277 contra
2113 2234 2229 2290 quod
2250 2234 2305 2277 a‘d
2325 2235 2534 2277 rationem

365 2310 528 2362 attinet,
560 2326 673 2366 quae
703 2315 757 2355 iis
789 2329 887 2356 eum
912 2313 1056 2356 -Roma
1085 2314 1195 2357 urbe
1225 2314 1482 2364 intercessit,
1514 2327 1737 2368 nunquam
1766 2327 1853 2355 non
1874 2314 1992 2355 cives
2012 2311 2197 2377 Romani
2217 2313 2538 2369 appellantur.“

362 2388 484 2445 Ergo
521 2392 631 2433 nihil
668 2392 833 2433 valebit
872 2391 1021 2434 contra
1057 2393 1309 2448 opinionum
1347 2393 1567 2433 levitatem
1603 2392 1818 2433 rationum
1854 2391 2077 2446 gravitas?
2134 2390 2372 2435 Enimvero
2416 2386 2534 2434 unde

362 2469 450 2519 fiat,
481 2475 528 2510 ut
558 2471 800 2526 municipes
830 2485 1051 2525 nunquam
1082 2470 1246 2511 diserte
1273 2469 1459 2512 Romani
1490 2469 1805 2523 significentur,
1838 2469 1955 2511 haud
1984 2469 2219 2511 difficulter
2239 2471 2530 2526 cognoscitur.

362 2545 456 2588 Nos
491 2547 606 2588 enim
646 2562 745 2588 cum
781 2548 927 2590 multis
963 2549 1061 2590 aliis
1101 2549 1329 2590 statuimus
1360 2561 1455 2589 vnon
1498 2547 1628 2588 aliam
1658 2562 1851 2602 unquam
1882 2548 2102 2590 civitatem
2131 2549 2375 2606 municipes
2404 2562 2525 2591 rece-

362 2624 494 2678 pisse,
538 2625 623 2666 nisi
667 2639 798 2667 unam
843 2627 979 2668 solam
1014 2626 1332 2681 rempublicam
1368 2625 1628 2668 Romanam:
1675 2626 1782 2682 quid
1819 2627 1956 2681 igitur
1993 2641 2103 2682 opus
2143 2634 2235 2669 erat
2265 2627 2526 2683 adjectivum

360 2699 662 2751 ‚‚Romanum“
693 2718 899 2760 expresse
930 2704 1183 2759 adjungere,
1215 2717 1349 2758 quum
1387 2704 1442 2745 ab
1474 2704 1674 2746 omnibus
1712 2705 1842 2746 tacite
1872 2703 2190 2760 quodammodo
2220 2705 2527 2762 suppleretur?

361 2777 525 2822 Contra
567 2788 799 2837 postquam
842 2789 931 2825 tota
973 2781 1138 2838 oppida
1181 2782 1518 2838 municipiorum
1554 2784 1727 2825 nomine
1764 2784 1810 2824 in
1844 2783 2064 2825 civitatem
2101 2782 2342 2826 Romanam
2383 2782 2523 2839 recipi

360 2855 515 2914 coepta
545 2866 657 2910 sunt,
688 2861 743 2903 ob
773 2860 1093 2902 multitudinem
1123 2875 1174 2902 ac
1205 2860 1502 2903 diversitatem
1540 2860 1751 2916 ejusmodi
1789 2861 2126 2917 municipiorum
2155 2861 2341 2902 maxime
2371 2872 2522 2902 neces-

360 2937 523 2979 sarium
553 2944 645 2980 erat
673 2938 835 2981 diserte
864 2946 1026 2991 notare,
1057 2941 1283 2994 cujusnam
1311 2939 1434 2982 urbis
1465 2940 1710 2996 municipes
1739 2939 2013 2995 intelligendi
2042 2944 2199 2980 essent.
2248 2937 2412 2981 Omnes
2431 2938 2519 2993 igi-

359 3020 429 3055 tur
467 3016 546 3066 illi,
583 3030 692 3072 quos
728 3018 966 3060 nominavit
1002 3016 1192 3068 Rubino,
1237 3016 1319 3059 hoc
1351 3031 1578 3060 commune
1609 3019 1842 3070 habebant,
1871 3025 1930 3060 utv
1947 3017 2193 3073 municipes
2221 3020 2365 3058 essent
2393 3014 2516 3057 urbis

358 3087 536 3142 Romae,
580 3094 627 3136 id
671 3096 791 3150 quod
827 3097 919 3152 jam-
958 3110 1038 3138 sua
1074 3096 1261 3151 quisque
1292 3103 1446 3152 sponte
1475 3096 1701 3148 intellexit,
1733 3095 1994 3137 differebant
2024 3101 2168 3137 autem
2195 3107 2261 3144 eo,
2292 3091 2410 3147 quod
2439 3092 2516 3135 alii

359 3165 611 3221 Tusculani,
638 3173 712 3215 alii
742 3172 956 3227 Amerini,
986 3173 1061 3217 alii
1091 3172 1335 3217 Surrentini
1360 3179 1508 3231 -erant3
1538 3174 1642 3219 licet
1671 3189 1770 3218 cum
1788 3171 1928 3219 Roma
1955 3171 2263 3229 municipalem
2293 3169 2513 3217 condicio·
