2696 3450
1311 96 1343 141 7

257 254 407 299 munia
434 253 659 301 servare“;
703 247 858 304 Vellej.
895 246 994 291 Pat.
1023 247 1080 301 11,
1117 251 1186 300 70,
1225 250 1271 292 1:
1322 248 1519 301 „Caesar
1556 250 1707 292 munia
1743 250 1870 294 <lucis
1908 252 2101 297 obibat.“
2156 253 2424 303 Praesertim

259 332 389 388 hujus
417 330 539 375 vocis
567 342 675 371 usus
706 329 913 382 frequens
940 333 1009 369 est
1037 327 1158 384 apud
1185 326 1402 379 Tacitum,
1433 328 1558 383 cujus
1581 328 1815 384 scriptoris
1843 330 1964 372 locos
1994 332 2172 388 collegit
2201 349 2351 379 omnes
2371 353 2424 381 ac

263 409 486 466 congessit
517 406 820 450 Boetticherus
856 405 969 471 Lex.
998 404 1104 448 Tac.
1143 420 1187 462 p.
1219 406 1322 456 1463
1366 406 1571 449 vocabuli
1605 408 1826 450 notionem
1867 410 2113 451 summatim
2151 411 2429 456 adumbravit

261 487 438 532 Walch.
476 486 532 528 ad
562 485 668 528 Tac.
696 483 851 540 Agric.
883 499 920 527 c.
953 485 1018 526 13.
1062 482 1170 526 Isid.
1200 483 1329 540 Orig.
1359 484 1448 536 IX,
1477 486 1507 528 4
1536 484 1706 535 definit3
1750 484 2033 543 „Municipes
2071 487 2126 529 ab
2156 488 2302 532 officio
2331 507 2427 534 mu-

261 583 415 611 nerum
443 565 562 616 dicti,
592 579 644 607 eo
674 563 792 619 quod
820 562 1001 619 publica
1029 563 1178 605 munia
1207 563 1442 618 accipiunt.
1492 562 1649 605 Munia
1679 570 1779 619 sunt
1807 564 1967 616 officia,
1997 564 2114 607 unde
2144 572 2187 606 et
2216 566 2428 612 immunes

263 646 482 695 dicuntur,
513 644 589 698 qui
617 638 784 684 nullum
814 647 974 697 gerunt
1002 641 1240 683 officium.“
1297 640 1364 682 Id.
1393 639 1501 692 XV,
1522 643 1568 683 2:
1599 641 1864 698 „Municeps
1894 657 1921 684 a
1948 643 2108 684 muniis
2139 644 2168 684 i.
2189 658 2226 685 e.
2257 644 2429 697 officiis,

266 722 386 779 quod
414 727 579 764 tantum
608 721 757 762 munia
785 721 813 761 i.
843 734 881 761 e.
913 718 1076 761 tributa
1105 717 1254 760 debita
1282 718 1355 760 vel
1383 733 1565 761 munera
1602 719 1815 762 reddant“
1852 721 1908 762 cf.
1937 718 2093 776 Pomp.
2122 720 2231 778 Dig.
2261 722 2332 775 L.,
2365 726 2431 775 16,

267 803 366 852 239,
394 801 428 854 ξ.
458 801 484 841 3
514 804 558 841 et
585 798 623 849 I,
656 800 721 839 18.
778 796 936 840 Paullo
965 797 1096 838 latius
1126 811 1151 837 e
1180 796 1334 838 Kienii
1356 797 1527 851 judicio
1556 798 1761 840 vocabuli
1797 799 1915 841 notio
1946 805 2065 854 patet
2074 814 2088 849 ;
2133 800 2171 842 is
2201 801 2318 843 enim
2345 816 2433 844 non

266 879 414 923 officia
449 883 631 926 tantum,
674 874 752 931 sed
787 876 918 917 etiam
947 876 1051 929 jura
1087 875 1237 917 civilia
1273 889 1361 916 una
1398 875 1708 931 comprehendi
1739 883 1955 927 autumat3
2001 892 2086 919 non
2115 879 2260 921 omnia
2289 886 2434 923 tamen

261 959 363 1012 jura
392 955 542 999 civilia
569 953 864 1009 municipibus
894 953 1115 1009 impertita
1143 967 1242 995 esse
1272 969 1327 995 ex
1356 954 1425 1004 iis,
1457 967 1570 1008 quae
1600 953 1714 996 infra
1743 969 1770 996 a
1797 955 1924 997 nobis
1946 954 2158 1007 dicentur,
2189 958 2432 1013 apparebit.

267 1035 419 1077 Multo
447 1033 609 1088 magis
629 1033 760 1074 etiam
791 1047 818 1073 a
847 1046 950 1073 vero
982 1031 1202 1074 aberravit
1243 1029 1299 1073 A.
1331 1029 1519 1082 Gellius,
1550 1033 1626 1087 qui
1654 1031 1779 1075 Noct.
1809 1032 1901 1075 Att.
1929 1031 2060 1084 XVI,
2094 1035 2167 1076 13:
2211 1037 2433 1086 „muneris

269 1112 488 1156 honorarii
524 1112 781 1167 particeps“
818 1110 1051 1160 intellexit,
1088 1110 1329 1165 municipia
1358 1110 1427 1151 sui
1457 1116 1622 1152 tantum
1653 1111 1764 1162 aevi,
1793 1125 1881 1152 non
1910 1112 2078 1166 antiqui
2107 1112 2153 1153 in
2181 1114 2326 1156 animo
2355 1114 2434 1157 ha-

268 1192 398 1242 bens,
435 1196 641 1244 recteque
678 1189 778 1231 ideo
808 1189 899 1243 jam
937 1188 1210 1243 vituperatus
1249 1194 1316 1229 est
1352 1202 1378 1229 a
1415 1186 1571 1230 Reinio
1610 1189 1655 1229 in
1689 1187 1873 1244 Encycl.
1911 1189 2034 1233 Tom.
2064 1189 2119 1241 V,
2149 1206 2192 1247 p.
2223 1193 2306 1233 212
2337 1197 2381 1233 et
2409 1206 2437 1233 a

268 1270 501 1314 Rubinone
538 1266 639 1309 Aet.
669 1266 820 1322 philol.
853 1267 974 1308 1844.
1005 1281 1048 1322 p.
1080 1247 1175 1307 8'67.
1234 1265 1470 1321 Municeps
1503 1266 1640 1321 igitur
1675 1268 1713 1310 is
1753 1275 1832 1320 est,
1870 1269 1947 1323 qui
1983 1283 2211 1310 munerum
2239 1269 2311 1310 vel
2339 1284 2435 1310 mu—

271 1349 392 1392 nium
422 1346 619 1390 civilium
647 1346 867 1401 particeps
896 1346 957 1387 fit..
1006 1343 1123 1386 Dico
1152 1344 1403 1400 „particeps
1433 1345 1523 1386 fit.“
1572 1344 1685 1387 Nam
1715 1345 1833 1401 quod
1862 1347 1919 1388 ad
1949 1347 2129 1390 alteram
2158 1348 2436 1403 compositio-

270 1429 340 1470 nis
368 1433 537 1483 partem
565 1425 730 1474 attinet,
759 1423 897 1479 probe
928 1422 1247 1464 animadvertas
1276 1424 1580 1479 „municipes“
1610 1424 1710 1466 illos
1739 1425 1980 1481 appellatos
2010 1440 2121 1476 esse,
2151 1440 2237 1467 non
2265 1425 2436 1476 „muni-

272 1508 422 1557 fices,“
452 1503 570 1560 quod
598 1510 742 1545 tamen
771 1501 1035 1543 vocabulum
1064 1501 1172 1542 alias
1205 1500 1323 1557 apud
1351 1499 1570 1545 Romanos
1609 1504 1656 1544 in
1684 1517 1767 1544 usu
1796 1503 1935 1544 fuisse
1965 1504 2127 1546 scimus
2137 1519 2150 1554 3
2195 1503 2252 1546 cf.
2280 1502 2437 1558 Veget.

273 1584 336 1636 11,
366 1587 412 1626 7:
451 1582 715 1634 „Munifices
753 1577 943 1630 milites,
960 1580 1037 1635 qui
1066 1594 1247 1621 munera
1275 1579 1422 1621 facere
1452 1588 1669 1636 coguntur
1679 1585 1721 1631 ;“
1750 1581 1913 1623 Festus
1944 1596 1979 1622 s.
2007 1596 2049 1622 v.
2079 1581 2438 1632 „Beneficiarii;“

272 1662 388 1705 Plin.
427 1660 485 1702 H.
515 1659 569 1703 N.
598 1659 686 1710 XI,
716 1661 785 1710 40,
817 1658 891 1699 95:
935 1672 1154 1709 „mamma
1191 1658 1437 1708 munifex;“
1481 1659 1597 1701 unde
1634 1674 1764 1715 porro
1794 1660 2123 1711 ,‚munificium“
2161 1658 2288 1701 Paul.
2328 1657 2437 1714 Dig.

272 1740 513 1800 XXXIX,
542 1741 584 1789 4,
613 1740 660 1788 43
690 1737 748 1780 id.
778 1737 852 1788 L.,
881 1738 948 1787 16,
980 1738 1032 1778 18
1069 1736 1355 1786 „munifices“
1391 1737 1551 1779 milites
1588 1744 1810 1780 memorat.
1869 1738 2138 1793 Plerumque
2177 1742 2321 1778 autem
2350 1735 2438 1778 Ro-

274 1819 408 1869 mani,
437 1825 486 1860 ut
513 1817 701 1860 Kienius
731 1816 759 1858 l.
790 1816 818 1857 l.
843 1817 936 1870 jam
967 1814 1284 1865 animadvertit,
1314 1814 1509 1876 verbum
1527 1820 1743 1866 „munus“
1778 1832 1877 1859 cum
1907 1816 2135 1859 vocabulis
2164 1815 2369 1874 ‚‚facere“
2398 1821 2440 1855 et

275 1896 461 1951 ,‚fungi“
491 1894 832 1950 conjungebant;
861 1893 964 1935 vide
992 1893 1112 1936 locos
1135 1894 1227 1948 jam
1258 1907 1391 1949 supra.
1420 1894 1620 1936 laudatos
1650 1909 1753 1950 pag.
1783 1896 1823 1946 8,
1852 1893 1952 1936 Not.
2011 1894 2156 1950 Igitur
2185 1894 2262 1950 qui
2290 1894 2441 1935 munia

277 1974 462 2029 alicujus
499 1974 688 2015 civitatis
729 1973 845 2028 capit
884 1973 913 2013 i.
944 1987 982 2014 e.
1019 1973 1247 2028 municeps
1283 1986 1370 2014 uno
1401 1973 1528 2026 quasi
1559 1973 1763 2029 capiendi
1793 1979 1892 2015 actu
1922 1973 2035 2014 inter
2065 1974 2185 2015 cives
2215 1972 2439 2028 recipitur,

275 2052 348 2094 vel
377 2052 522 2108 potius
552 2053 648 2108 ipse
678 2067 725 2094 se
756 2053 896 2094 civem
925 2051 1044 2102 facit,
1075 2058 1203 2093 antea
1230 2066 1334 2094 vero
1366 2051 1477 2094 civis
1502 2065 1590 2093 non
1607 2052 1703 2093 fuit.
1762 2050 1893 2094 Unde
1919 2051 2179 2106 intelligitur
2198 2051 2440 2107 municipes

276 2131 546 2174 extrinsecus
577 2131 633 2173 ad
663 2131 883 2173 civitatem
912 2129 1154 2172 Romanam
1184 2131 1436 2173 accessisse.

780 2268 817 2299 4,
858 2263 1162 2312 Comparantur
1187 2260 1294 2299 inter
1317 2276 1358 2299 se
1384 2264 1558 2307 „Cz‘vz’.s·“
1586 2270 1626 2300 et
1650 2264 1947 2313 ,‚Mum·ceps.<‘

401 2418 403 2421 .
477 2365 581 2409 Jam
617 2368 729 2408 inter
765 2381 812 2408 se
853 2374 1158 2423 comparentur
1195 2368 1304 2410 civis
1335 2374 1377 2409 et
1406 2368 1632 2424 municeps
1674 2384 1725 2410 ac
1756 2369 1938 2418 dicatur,
1971 2367 2078 2422 quid
2109 2380 2334 2409 commune
2364 2365 2441 2409 ha-
2502 2368 2506 2372 ’

280 2444 410 2485 beant
447 2457 622 2500 quoque
661 2447 747 2488 sint
786 2445 962 2488 diversi.
1020 2445 1109 2488 Hic
1147 2446 1291 2488 statim
1328 2446 1455 2489 nobis
1494 2447 1795 2502 impugnanda
1831 2448 1913 2488 erit
1949 2444 2192 2487 Rubinonis
2232 2446 2444 2487 sententia

272 2524 364 2577 jam
394 2523 518 2579 prius
548 2539 575 2566 a
602 2523 758 2567 Reinio
788 2524 834 2566 in
863 2539 1048 2566 censura
1077 2540 1180 2580 pag.
1200 2526 1311 2566 4-5
1342 2531 1384 2565 et
1414 2540 1439 2565 a
1468 2524 1631 2567 Kienio
1661 2525 1688 2566 l.
1719 2525 1747 2566 l.
1778 2540 1880 2581 pag.
1903 2526 1984 2566 221
2015 2524 2274 2579 vituperata.
2325 2522 2442 2565 Con-

275 2601 415 2643 tendit
443 2608 587 2644 autem
615 2603 691 2644 ille
721 2609 802 2645 act.
833 2603 983 2659 philol.
1016 2604 1127 2644 1844
1156 2617 1258 2657 pag.
1281 2604 1363 2644 868
1392 2603 1438 2644 in
1467 2602 1648 2646 historia
1676 2603 1948 2659 reipublicae
1968 2602 2190 2645 Romanae
2219 2601 2443 2655 adjumen—

277 2679 621 2735 tum-quoddam
651 2681 862 2722 contineri
891 2687 1025 2731 ratus,
1056 2680 1158 2722 inde
1189 2681 1243 2722 ab
1267 2681 1589 2735 antiquissimis
1619 2682 1889 2738 temporibus
1921 2682 1976 2723 ad
2007 2681 2170 2736 primos
2199 2694 2341 2734 usque
2362 2680 2442 2720 im-

279 2764 502 2812 peratores
533 2759 772 2801 contrarias
803 2774 975 2815 semper
1003 2759 1141 2800 fuisse
1170 2759 1282 2800 inter
1311 2774 1359 2800 se
1389 2766 1431 2801 et
1461 2761 1674 2803 mansisse
1710 2753 1905 2803 notiones
1936 2760 2055 2809 illas;
2101 2764 2313 2813 quatenus
2345 2758 2441 2811 qui-

277 2834 420 2890 spiam
440 2833 666 2893 municeps
687 2836 832 2887 fuerit,
861 2853 948 2880 non
967 2839 1163 2894 potuisse
1184 2839 1326 2880 civem
1346 2853 1456 2888 esse,
1477 2845 1520 2880 et
1540 2845 1752 2892 quatenus
1775 2839 1884 2880 civis
1905 2838 2050 2887 fuerit,
2070 2851 2158 2879 non
2178 2836 2442 2889 municipem

274 2926 375 2965 esse
404 2915 612 2969 potuisse.
669 2914 867 2957 Primum
895 2916 941 2957 in
971 2929 1022 2957 eo
1053 2917 1160 2957 mihi
1189 2916 1363 2958 videtur
1393 2930 1577 2967 errasse,
1609 2923 1651 2958 et
1681 2918 1802 2959 visus
1833 2923 1898 2958 est
1921 2915 2078 2958 Reinio
2109 2929 2294 2970 quoque,
2327 2911 2458 2967 quod-

254 2991 540 3033 'vocmbulum
573 2994 917 3050 ,‚municipium“
947 2994 1061 3035 sicut
1089 2995 1235 3037 omnia
1264 2996 1436 3038 omnino
1461 2996 1574 3050 juris
1603 2994 1790 3037 Romani
1820 3009 2043 3048 nunquam
2072 2999 2262 3034 mutasse
2292 2991 2380 3032 vim
2401 2998 2444 3034 et

280 3067 558 3121 intellectum,
590 3071 667 3112 sed
697 3085 870 3128 semper
899 3074 1028 3130 plane
1059 3074 1241 3116 eandem
1270 3073 1478 3117 habuisse
1509 3080 1766 3131 potestatem
1797 3071 2028 3115 contendit.
2076 3070 2266 3111 Meliora
2295 3068 2444 3113 docuit

222 3135 226 3139 ’
272 3144 683 3201 jainLNiebuhrius,
722 3150 798 3205 qui
836 3149 894 3193 H.
932 3151 984 3195 R.
1023 3159 1122 3196 tom.
1154 3151 1214 3203 ΙΙ,
1244 3167 1348 3208 pag.
1380 3155 1448 3196 63.
1481 3155 1547 3194 69.
1580 3155 1635 3194 70
1673 3167 1770 3194 cum
1802 3149 2022 3205 prioribus
2053 3147 2321 3202 antiquitatis
2351 3145 2440 3193 RO-
