2696 3450
1361 127 1422 173 12

320 303 431 345 quae
463 285 518 328 ad
547 283 863 341 rempublicam
892 282 1175 339 pertinerent.
1229 280 1352 337 Ergo
1382 282 1454 324 hic
1485 296 1659 337 quoque
1695 285 1850 340 opinor
1889 300 1987 328 cum
2019 285 2175 330 Reinio
2206 294 2355 332 contra
2381 289 2473 334 Ru-

315 367 518 408 binonem
547 363 793 406 tenebimus
824 361 1013 404 civitatis
1045 360 1157 402 dono
1186 358 1369 402 Romam
1399 361 1498 402 illos
1531 360 1615 401 sibi
1646 366 1864 416 tamquam
1895 365 2137 421 municipes
2168 382 2429 422 arrogasse-
2454 396 2461 408 ·.

442 480 446 483 Δ
513 441 606 484 Nec
641 442 779 484 omitti
819 439 949 482 debet
975 438 1109 480 locus
1145 437 1268 478 Livii
1304 436 1431 488 VIII,
1471 440 1544 479 14:
1578 438 1828 488 „Lanuvini
1864 442 2040 483 civitate
2069 442 2170 484 data
2199 446 2475 500 appellantur

313 521 599 580 municipes.“
657 519 804 560 Etiam
834 516 1105 558 manifestius
1137 529 1266 570 quam
1294 514 1562 558 Scholia-stes
1591 514 1871 573 Cruquianus
1894 520 2054 561 Livius
2085 520 2302 574 significat
2330 525 2473 565 muni-

313 575 458 654 οἰρέἔ,
501 599 529 639 i.
569 613 606 639 e.
639 595 824 644 Romae,
862 593 1119 635 Lanuvinos
1158 593 1371 650 appellari
1410 601 1589 650 propter
1616 596 1778 638 datam
1813 599 2034 640 civitatem
2070 596 2322 642 Romanam.
2367 600 2472 642 Nec

313 677 581 719 Scholiastes
621 688 726 715 sane
763 687 845 714 nec
882 671 1063 722 Livius,
1100 672 1138 713 si
1178 671 1232 712 de
1269 672 1356 713 alia
1391 671 1500 713 urbe
1531 673 1639 714 i.,e.⁴
1659 674 1833 717 Caerite
1863 677 1933 718 vel
1962 675 2181 728 Lanuvio,
2197 677 2472 732 cogitassent,

313 756 481 804 urbem,
512 768 642 808 quam
670 753 717 793 in
746 751 890 792 animo
920 749 1152 801 habebant,
1182 751 1226 791 in
1256 749 1338 791 hoc
1369 757 1581 793 contextu
1601 753 1772 800 silentio
1801 754 1931 810 plane
1960 756 2302 813 praetermittere
2323 762 2474 811 potue—

312 840 426 883 runt,
458 831 535 873 sed
563 830 707 886 potius
738 843 944 884 expresse
974 834 1123 869 notare
1154 828 1383 870 debebant.
1442 828 1585 884 Hujus
1614 832 1679 872 rei
1706 830 1895 881 Rubino,
1926 833 2003 874 ubi
2034 832 2088 874 de
2107 833 2229 874 Livii
2258 833 2354 874 loco
2385 832 2475 875 dis-

249 897 255 902 ·
314 912 449 952 seruit
478 915 560 951 act.
590 907 697 964 phil.
733 908 841 949 1844
870 921 912 962 p.
944 907 1026 947 965
1057 911 1099 946 et
1130 907 1236 947 1847
1269 920 1312 962 p.
1343 907 1440 957 803,
1472 908 1602 963 plane
1631 910 1982 951 nullumsshabuit
2011 919 2273 967 respectum.

515 986 676 1028 Adhuc
712 984 860 1027 Reinii
897 984 1196 1025 auctoritatem
1237 984 1375 1025 secuti
1413 993 1562 1028 contra
1597 985 1873 1029 Rubinonem
1909 988 2110 1030 videmur
2138 989 2266 1030 nobis
2297 989 2474 1032 demon.-

314 1074 475 1108 strasse
512 1065 755 1120 municipes
792 1064 837 1104 in
874 1062 1126 1103 universum
1155 1061 1293 1103 fuisse
1323 1062 1441 1104 cives
1470 1063 1709 1113 Romanos3
1749 1065 1860 1106 falso
1891 1066 2027 1120 igitur
2056 1082 2082 1107 a
2107 1065 2337 1108 Rubinone
2366 1066 2476 1109 inud

313 1146 505 1200 positum
534 1150 600 1184 est
629 1142 873 1197 municipes
904 1146 946 1181 et
976 1140 1095 1181 cives
1126 1139 1238 1180 inter
1267 1148 1314 1181 se
1343 1140 1485 1183 fuisse
1515 1144 1767 1184 contrarios.
1824 1143 1926 1185 Jam
1957 1144 2196 1194 videamus,
2225 1158 2318 1198 -quo
2349 1143 2475 1187 diffe-

313 1230 430 1272 rant3
470 1237 621 1263 verum
652 1221 874 1262 enimvero
904 1218 1030 1260 docet
1056 1219 1148 1272 jam
1178 1218 1363 1261 nominis
1393 1219 1624 1262 diversitas
1659 1235 1745 1262 non
1775 1221 1903 1276 plane
1934 1222 2049 1263 idem
2081 1221 2252 1263 duabus
2281 1221 2368 1264 illis
2397 1236 2475 1263 no·

315 1302 507 1352 tionibus
545 1298 770 1342 contineri.
831 1296 901 1339 De
940 1295 1190 1339 discrimine
1228 1303 1371 1337 autem
1394 1339 1395 1342 ,
1415 1312 1571 1340 vocum
1610 1299 1853 1355 disputare,
1901 1306 2130 1355 postquam
2169 1306 2475 1355 exposuerunt,

315 1379 424 1434 quid
454 1393 680 1421 commune
710 1377 920 1418 haberent
949 1374 1192 1429 municipes
1217 1381 1264 1415 -et
1295 1375 1430 1426 cives,
1459 1377 1607 1419 nescio
1638 1391 1724 1431 quo
1746 1377 1846 1431 jure
1876 1377 2005 1433 plane
2036 1379 2273 1420 omiserunt
2302 1384 2343 1419 et
2372 1376 2475 1423 Rei-

315 1459 414 1500 nius
449 1464 492 1499 et
529 1457 738 1506 menius,
777 1456 840 1496 ita
873 1460 923 1495 ut
959 1452 1196 1507 disputatio
1233 1467 1383 1494 eorum
1421 1454 1546 1495 nobis
1583 1469 1698 1496 nunc
1737 1455 1983 1511 supplenda
2021 1457 2089 1497 sit.
2147 1456 2303 1497 Defuit
2332 1464 2476 1499 autem

315 1535 610 1592 municipibus
640 1535 714 1589 jus
753 1532 954 1586 suffragii
994 1537 1036 1571 et
1071 1530 1294 1572 honorum.
1353 1531 1530 1573 Diserte
1570 1532 1616 1574 id
1652 1539 1864 1575 testantur
1899 1533 2066 1575 Paulus
2103 1533 2329 1575 Diaconus
2368 1549 2401 1577 s.
2433 1550 2473 1575 v.

315 1614 660 1669 „municipium“
697 1627 739 1668 p.
772 1612 852 1654 127
891 1609 958 1652 ed.
987 1604 1142 1650 Muell.
1181 1609 1446 1665 „participes
1481 1610 1657 1652 fuerunt
1695 1611 1884 1652 omnium
1923 1626 2068 1653 rerum
2105 1611 2160 1652 ad
2189 1626 2344 1653 munus
2374 1612 2474 1653 sun-

316 1693 508 1748 gendum
546 1705 634 1731 una
670 1704 769 1730 cum
804 1688 1011 1731 Romanis
1049 1686 1243 1736 civibus,
1291 1695 1597 1743 praeterquam
1644 1689 1699 1730 de
1747 1688 1958 1743 suffragio
2002 1689 2183 1730 ferendo
2222 1697 2296 1731 aut
2331 1692 2473 1745 magi-

318 1777 453 1812 stratu
492 1768 757 1824 capiendo;“
795 1767 834 1808 F
837 1772 914 1808 est.
956 1781 990 1807 s.
1027 1781 1068 1807 v.
1104 1756 1393 1822 '„municeps“
1430 1782 1472 1822 p.
1517 1769 1594 1808 142
1632 1767 1699 1809 ed.
1738 1767 1913 1808 Muell.:
1962 1767 2152 1822 „quibus
2191 1779 2277 1809 n'on
2314 1769 2474 1815 licebat

315 1850 618 1904 magistratum
642 1860 820 1902 capere,
853 1845 930 1897 sed
960 1850 1124 1885 tantum
1156 1844 1346 1885 muneris
1376 1851 1543 1900 partem
1567 1876 1578 1886 .
1599 1877 1610 1886 .
1632 1877 1643 1887 .
1673 1846 1909 1900 dignitates
1939 1861 2024 1888 non
2046 1845 2320 1902 capiebant.“
2376 1845 2475 1888 Non

315 1928 445 1984 pleno
481 1927 618 1981 igitur
653 1930 696 1966 et
730 1924 928 1966 absoluto
957 1923 1056 1977 jure
1097 1923 1217 1963 civili
1257 1921 1488 1964 utebantur
1517 1924 1780 1980 municipes3
1812 1930 1946 1974 erant,
1976 1931 2024 1965 ut
2053 1924 2286 1974 vernacule
2317 1923 2474 1975 dicam,

314 2005 604 2062 ..spasbbi'trger'
648 2002 944 2058 Zbellbl'trgerf‘
989 2002 1107 2042 cives
1154 2007 1303 2042 contra
1348 2001 1642 2056 „Qossbiirgers‘
1700 2002 1769 2043 Ita
1797 2004 1858 2052 fit,
1895 2009 1942 2043 ut
1976 2001 2142 2043 Paulus
2174 2001 2399 2044 Diaconus
2430 2003 2475 2043 in

317 2083 565 2126 definitione
597 2096 692 2131 sua,
723 2081 777 2122 de
807 2095 894 2136 qua
922 2094 1023 2122 mox
1050 2078 1384 2135 disputabimus,
1416 2079 1532 2121 dicat
1561 2081 1709 2130 „cives
1730 2078 1977 2122 Romanos“
2007 2095 2080 2122 eos
2101 2075 2185 2121 non
2205 2079 2356 2129 fuisse,
2386 2080 2414 2120 i.
2435 2095 2472 2122 e.

317 2165 353 2205 si
388 2162 622 2217 genuinam
662 2174 713 2201 ac
751 2159 974 2215 propriam
1008 2157 1210 2199 vocabuli
1249 2159 1337 2198 vim
1376 2172 1426 2199 ac
1457 2158 1673 2206 notionem
1705 2173 1834 2213 quam
1866 2159 2101 2226 apocri-ime
2131 2158 2317 2199 retinere
2348 2158 2471 2200 velis.

315 2241 551 2282 Praeterea
588 2237 962 2280 animadversione
1002 2236 1183 2291 dignum
1222 2243 1307 2286 est,
1345 2235 1461 2290 quod
1499 2235 1614 2277 idem
1653 2251 1738 2278 non
1767 2238 1828 2278 ita
1857 2237 1991 2278 multo
2020 2242 2119 2293 post
2149 2235 2336 2278 addidit:
2367 2239 2472 2292 „qui

317 2325 416 2374 post
446 2318 611 2371 aliquot
641 2330 775 2357 annos
805 2316 924 2357 cives
954 2313 1139 2357 Romani
1169 2314 1311 2355 effecti
1343 2317 1484 2364 sunt,“
1515 2315 1541 2355 i.
1564 2330 1599 2355 e.
1620 2314 2168 2362 Fundani—Tusculani3
2199 2329 2283 2356 non
2313 2316 2475 2366 „facti“

317 2398 397 2446 ait,
438 2395 515 2437 sed
556 2394 778 2445 ‚,effecti.“
835 2392 956 2448 Ergo
995 2408 1081 2435 non
1104 2400 1201 2436 ,tum
1232 2393 1404 2433 demum
1436 2394 1553 2435 cives
1583 2394 1678 2435 fieri
1711 2401 1960 2450 coeperunt,
1991 2395 2051 2436 ita
2079 2400 2127 2435 ut
2156 2394 2284 2449 plane
2314 2409 2470 2436 novam

311 2474 473 2517 ,inirent
512 2472 832 2520 condicionem,
872 2471 950 2513 sed
987 2472 1131 2527 potius
1162 2471 1356 2526 pleniore
1379 2472 1479 2525 jure
1509 2472 1698 2513 civitatis
1727 2473 1791 2513 uti
1822 2478 2069 2528 coeperunt,
2106 2472 2166 2512 ita
2196 2479 2242 2512 ut
2272 2473 2364 2514 veri
2394 2473 2472 2514 fie-

315 2557 412 2592 rent
449 2565 498 2591 ac
536 2551 733 2604 germani
771 2550 902 2591 cives.
963 2547 1032 2590 Cf.
1062 2548 1272 2604 Madvig-
1295 2548 1462 2605 Opusc.
1501 2550 1622 2592 acad.
1660 2550 1698 2600 I,
1736 2565 1777 2606 p.
1809 2552 1889 2592 237
1919 2564 2037 2604 sqq-3
2077 2549 2321 2592 Mommsen
2356 2548 2469 2591 Hist.

315 2627 438 2671 Rom.
469 2629 537 2670 ed.
568 2643 633 2684 pr.
663 2636 751 2670 tom
781 2627 817 2678 I,
847 2643 950 2684 pag.
981 2630 1062 2670 608
1093 2642 1210 2682 sqq.;
1242 2627 1300 2669 id.
1332 2628 1385 2670 ‹le
1415 2627 1730 2671 nummRom.
1761 2636 1862 2684 pag.
1895 2630 1979 2670 246
2010 2641 2131 2683 seqq.

909 2821 947 2852 4.
984 2815 1049 2852 De
1076 2816 1286 2852 intellectu
1313 2817 1505 2853 vocabuli
1528 2816 1880 2865 „Municiptum.“

517 2941 676 2984 Adhuc
715 2942 769 2983 de
805 2942 977 2984 notione
1013 2942 1213 2983 vocaculi
1252 2943 1535 2998 „municeps“
1559 2942 1735 3002 ,dequq
1752 2943 2038 2984 recentiorum
2079 2942 2299 2982 sententiis
2336 2940 2468 2981 locuti

320 3035 488 3071 sumus3
520 3022 613 3076 jam
649 3020 704 3062 de
741 3019 963 3061 intellectu
993 3020 1113 3061 vocis
1144 3021 1488 3076 „municipium“
1519 3036 1715 3076 agamus,
1746 3019 1861 3074 quod
1892 3019 2133 3060 arctissime
2163 3033 2260 3060 cum
2289 3017 2365 3059 illo
2395 3032 2469 3060 co-

319 3098 479 3139 haeret.
536 3097 649 3140 Nam
683 3098 738 3140 de
774 3113 826 3150 eo
863 3111 1037 3152 quoque
1072 3098 1335 3140 recentiores
1373 3098 1418 3140 in
1447 3098 1643 3141 diversas
1673 3105 1818 3154 partes
1848 3097 2060 3138 abierunt.
2119 3094 2297 3150 Optime
2325 3102 2469 3142 autem

317 3189 372 3216 ex
401 3191 497 3217 mea
528 3177 737 3219 sententia
764 3175 946 3219 Reinius
976 3177 1022 3219 in
1050 3175 1406 3232 Encyclopaedia
1435 3177 1511 3218 121.
1543 3192 1584 3232 p.
1616 3177 1697 3220 212
1728 3176 1787 3218 ait
1818 3175 2055 3218 secundum
2085 3173 2297 3228 originem
2327 3174 2469 3216 muni-
